include oc.accounts

2017-01-20 Monthly contribution from Simon Michael (Individuals)  ; id:f50dc2b7, group:8b272eb0, payment-method:STRIPE, payment-type:CREDITCARD
    revenues:donations:simon                  -10.00 USD
    assets:opencollective:hledger               8.41 USD = 8.41 USD
    expenses:fees:STRIPE                        0.59 USD
    expenses:fees:open-source-collective        1.00 USD

2017-02-20 Monthly contribution from Simon Michael (Individuals)  ; id:fe0ead37, group:197d11a4, payment-method:STRIPE, payment-type:CREDITCARD
    revenues:donations:simon                  -10.00 USD
    assets:opencollective:hledger               8.41 USD = 16.82 USD
    expenses:fees:STRIPE                        0.59 USD
    expenses:fees:open-source-collective        1.00 USD

2017-03-20 Monthly contribution from Simon Michael (Individuals)  ; id:7e83913a, group:785604f8, payment-method:STRIPE, payment-type:CREDITCARD
    revenues:donations:simon                  -10.00 USD
    assets:opencollective:hledger               8.41 USD = 25.23 USD
    expenses:fees:STRIPE                        0.59 USD
    expenses:fees:open-source-collective        1.00 USD

2017-04-20 Monthly contribution from Simon Michael (Individuals)  ; id:87df89cf, group:63fea57e, payment-method:STRIPE, payment-type:CREDITCARD
    revenues:donations:simon                  -10.00 USD
    assets:opencollective:hledger               8.41 USD = 33.64 USD
    expenses:fees:STRIPE                        0.59 USD
    expenses:fees:open-source-collective        1.00 USD

2017-05-20 Monthly contribution from Simon Michael (Individuals)  ; id:ab4e1e18, group:e045e2ce, payment-method:STRIPE, payment-type:CREDITCARD
    revenues:donations:simon                  -10.00 USD
    assets:opencollective:hledger               8.41 USD = 42.05 USD
    expenses:fees:STRIPE                        0.59 USD
    expenses:fees:open-source-collective        1.00 USD

2017-06-20 Monthly contribution from Simon Michael (Individuals)  ; id:92c97790, group:aa3ada9f, payment-method:STRIPE, payment-type:CREDITCARD
    revenues:donations:simon                  -10.00 USD
    assets:opencollective:hledger               8.41 USD = 50.46 USD
    expenses:fees:STRIPE                        0.59 USD
    expenses:fees:open-source-collective        1.00 USD

2017-07-20 Monthly contribution from Simon Michael (Individuals)  ; id:89bbe4cc, group:526e586c, payment-method:STRIPE, payment-type:CREDITCARD
    revenues:donations:simon                  -10.00 USD
    assets:opencollective:hledger               8.41 USD = 58.87 USD
    expenses:fees:STRIPE                        0.59 USD
    expenses:fees:open-source-collective        1.00 USD

2017-08-20 Monthly contribution from Simon Michael (Individuals)  ; id:98365cfa, group:0a06c3bd, payment-method:STRIPE, payment-type:CREDITCARD
    revenues:donations:simon                  -10.00 USD
    assets:opencollective:hledger               8.41 USD = 67.28 USD
    expenses:fees:STRIPE                        0.59 USD
    expenses:fees:open-source-collective        1.00 USD

2017-09-20 Monthly contribution from Simon Michael (Individuals)  ; id:881f0581, group:c1d288a1, payment-method:STRIPE, payment-type:CREDITCARD
    revenues:donations:simon                  -10.00 USD
    assets:opencollective:hledger               8.41 USD = 75.69 USD
    expenses:fees:STRIPE                        0.59 USD
    expenses:fees:open-source-collective        1.00 USD

2017-10-20 Monthly contribution from Simon Michael (Individuals)  ; id:f704c73a, group:744fa3a7, payment-method:STRIPE, payment-type:CREDITCARD
    revenues:donations:simon                  -10.00 USD
    assets:opencollective:hledger               8.41 USD = 84.1 USD
    expenses:fees:STRIPE                        0.59 USD
    expenses:fees:open-source-collective        1.00 USD

2017-11-20 Monthly contribution from Simon Michael (Individuals)  ; id:942487cb, group:e68cc861, payment-method:STRIPE, payment-type:CREDITCARD
    revenues:donations:simon                  -10.00 USD
    assets:opencollective:hledger               8.41 USD = 92.51 USD
    expenses:fees:STRIPE                        0.59 USD
    expenses:fees:open-source-collective        1.00 USD

2017-12-20 Monthly contribution from Simon Michael (Individuals)  ; id:19139e92, group:f1c2d9db, payment-method:STRIPE, payment-type:CREDITCARD
    revenues:donations:simon                  -10.00 USD
    assets:opencollective:hledger               8.41 USD = 100.92 USD
    expenses:fees:STRIPE                        0.59 USD
    expenses:fees:open-source-collective        1.00 USD

2018-01-20 Monthly contribution from Simon Michael (Individuals)  ; id:bdf31866, group:a482b234, payment-method:STRIPE, payment-type:CREDITCARD
    revenues:donations:simon                  -10.00 USD
    assets:opencollective:hledger               8.41 USD = 109.33 USD
    expenses:fees:STRIPE                        0.59 USD
    expenses:fees:open-source-collective        1.00 USD

2018-02-21 Monthly contribution from Simon Michael (Individuals)  ; id:969c2f34, group:80e6d4c9, payment-method:STRIPE, payment-type:CREDITCARD
    revenues:donations:simon                  -10.00 USD
    assets:opencollective:hledger               8.41 USD = 117.74 USD
    expenses:fees:STRIPE                        0.59 USD
    expenses:fees:open-source-collective        1.00 USD

2018-03-21 Monthly contribution from Simon Michael (Individuals)  ; id:fd038b3a, group:cfe7c41e, payment-method:STRIPE, payment-type:CREDITCARD
    revenues:donations:simon                  -10.00 USD
    assets:opencollective:hledger               8.41 USD = 126.15 USD
    expenses:fees:STRIPE                        0.59 USD
    expenses:fees:open-source-collective        1.00 USD

2018-03-22 Monthly contribution from Peter Simons (Individuals)  ; id:05ac4a31, group:a9460c9a, payment-method:STRIPE, payment-type:CREDITCARD
    revenues:donations:peti                   -10.00 USD
    assets:opencollective:hledger               8.31 USD = 134.46 USD
    expenses:fees:STRIPE                        0.69 USD
    expenses:fees:open-source-collective        1.00 USD

2018-04-02 Monthly contribution from Peter Simons (Individuals)  ; id:cff1c152, group:f77acb1e, payment-method:STRIPE, payment-type:CREDITCARD
    revenues:donations:peti                   -10.00 USD
    assets:opencollective:hledger               8.31 USD = 142.77 USD
    expenses:fees:STRIPE                        0.69 USD
    expenses:fees:open-source-collective        1.00 USD

2018-04-21 Monthly contribution from Simon Michael (Individuals)  ; id:04f69e22, group:ccd3d7ea, payment-method:STRIPE, payment-type:CREDITCARD
    revenues:donations:simon                  -10.00 USD
    assets:opencollective:hledger               8.41 USD = 151.18 USD
    expenses:fees:STRIPE                        0.59 USD
    expenses:fees:open-source-collective        1.00 USD

2018-05-01 Monthly contribution from Peter Simons (Individuals)  ; id:e8c85882, group:eb5fc1d2, payment-method:STRIPE, payment-type:CREDITCARD
    revenues:donations:peti                   -10.00 USD
    assets:opencollective:hledger               8.31 USD = 159.49 USD
    expenses:fees:STRIPE                        0.69 USD
    expenses:fees:open-source-collective        1.00 USD

2018-05-21 Monthly contribution from Simon Michael (Individuals)  ; id:60f9e4bb, group:a91945e8, payment-method:STRIPE, payment-type:CREDITCARD
    revenues:donations:simon                  -10.00 USD
    assets:opencollective:hledger               8.41 USD = 167.9 USD
    expenses:fees:STRIPE                        0.59 USD
    expenses:fees:open-source-collective        1.00 USD

2018-06-01 Monthly contribution from Peter Simons (Individuals)  ; id:18cc93e7, group:3f6397b0, payment-method:STRIPE, payment-type:CREDITCARD
    revenues:donations:peti                   -10.00 USD
    assets:opencollective:hledger               8.31 USD = 176.21 USD
    expenses:fees:STRIPE                        0.69 USD
    expenses:fees:open-source-collective        1.00 USD

2018-06-21 Monthly contribution from Simon Michael (Individuals)  ; id:744bc15b, group:f462ee3b, payment-method:STRIPE, payment-type:CREDITCARD
    revenues:donations:simon                  -10.00 USD
    assets:opencollective:hledger               8.41 USD = 184.62 USD
    expenses:fees:STRIPE                        0.59 USD
    expenses:fees:open-source-collective        1.00 USD

2018-07-01 Monthly contribution from Peter Simons (Individuals)  ; id:7585aa34, group:8b1b1247, payment-method:STRIPE, payment-type:CREDITCARD
    revenues:donations:peti                   -10.00 USD
    assets:opencollective:hledger               8.31 USD = 192.93 USD
    expenses:fees:STRIPE                        0.69 USD
    expenses:fees:open-source-collective        1.00 USD

2018-07-21 Monthly contribution from Simon Michael (Individuals)  ; id:5ea44648, group:c6f12978, payment-method:STRIPE, payment-type:CREDITCARD
    revenues:donations:simon                  -10.00 USD
    assets:opencollective:hledger               8.41 USD = 201.34 USD
    expenses:fees:STRIPE                        0.59 USD
    expenses:fees:open-source-collective        1.00 USD

2018-08-21 Monthly contribution from Simon Michael (Individuals)  ; id:223fc954, group:54b8487e, payment-method:STRIPE, payment-type:CREDITCARD
    revenues:donations:simon                  -10.00 USD
    assets:opencollective:hledger               8.41 USD = 209.75 USD
    expenses:fees:STRIPE                        0.59 USD
    expenses:fees:open-source-collective        1.00 USD

2018-09-21 Monthly contribution from Simon Michael (Individuals)  ; id:95e4b042, group:643f7ce3, payment-method:STRIPE, payment-type:CREDITCARD
    revenues:donations:simon                  -10.00 USD
    assets:opencollective:hledger               8.41 USD = 218.16 USD
    expenses:fees:STRIPE                        0.59 USD
    expenses:fees:open-source-collective        1.00 USD

2018-10-21 Monthly contribution from Simon Michael (Individuals)  ; id:79c59f3c, group:e2c6a712, payment-method:STRIPE, payment-type:CREDITCARD
    revenues:donations:simon                  -10.00 USD
    assets:opencollective:hledger               8.41 USD = 226.57 USD
    expenses:fees:STRIPE                        0.59 USD
    expenses:fees:open-source-collective        1.00 USD

2018-11-21 Monthly contribution from Simon Michael (Individuals)  ; id:7ef6a6d5, group:115df4ff, payment-method:STRIPE, payment-type:CREDITCARD
    revenues:donations:simon                  -10.00 USD
    assets:opencollective:hledger               8.41 USD = 234.98 USD
    expenses:fees:STRIPE                        0.59 USD
    expenses:fees:open-source-collective        1.00 USD

2018-12-11 Contribution from Robert Nielsen  ; id:b7b603d4, group:fde280da, payment-method:PAYPAL, payment-type:PAYMENT
    revenues:donations:oldicelandic           -55.00 USD
    assets:opencollective:hledger              47.60 USD = 282.58 USD
    expenses:fees:PAYPAL                        1.90 USD
    expenses:fees:open-source-collective        5.50 USD

2018-12-21 Monthly contribution from Simon Michael (Individuals)  ; id:26df5099, group:28e59a50, payment-method:STRIPE, payment-type:CREDITCARD
    revenues:donations:simon                  -10.00 USD
    assets:opencollective:hledger               8.41 USD = 290.99 USD
    expenses:fees:STRIPE                        0.59 USD
    expenses:fees:open-source-collective        1.00 USD

2019-01-21 Monthly contribution from Simon Michael (Individuals)  ; id:7d1b5c6e, group:5e877620, payment-method:STRIPE, payment-type:CREDITCARD
    revenues:donations:simon                  -10.00 USD
    assets:opencollective:hledger               8.41 USD = 299.4 USD
    expenses:fees:STRIPE                        0.59 USD
    expenses:fees:open-source-collective        1.00 USD

2019-02-21 Monthly contribution from Simon Michael (Individuals)  ; id:fb7323df, group:12bcd228, payment-method:STRIPE, payment-type:CREDITCARD
    revenues:donations:simon                  -10.00 USD
    assets:opencollective:hledger               8.41 USD = 307.81 USD
    expenses:fees:STRIPE                        0.59 USD
    expenses:fees:open-source-collective        1.00 USD

2019-04-04 Monthly contribution from Andre Bubel (Individuals)  ; id:d31b4bb0, group:ec4c7a9e, payment-method:STRIPE, payment-type:CREDITCARD
    revenues:donations:andre-bubel             -2.00 USD
    assets:opencollective:hledger               1.42 USD = 309.23 USD
    expenses:fees:STRIPE                        0.38 USD
    expenses:fees:open-source-collective        0.20 USD

2019-04-28 Monthly contribution from Michael Martinides (Individuals)  ; id:4563cb4b, group:3a6bfba3, payment-method:STRIPE, payment-type:CREDITCARD
    revenues:donations:michael-martinides       -2.00 USD
    assets:opencollective:hledger                1.42 USD = 310.65 USD
    expenses:fees:STRIPE                         0.38 USD
    expenses:fees:open-source-collective         0.20 USD

2019-05-01 Monthly contribution from Michael Martinides (Individuals)  ; id:0f1e3917, group:edf04139, payment-method:STRIPE, payment-type:CREDITCARD
    revenues:donations:michael-martinides       -2.00 USD
    assets:opencollective:hledger                1.42 USD = 312.07 USD
    expenses:fees:STRIPE                         0.38 USD
    expenses:fees:open-source-collective         0.20 USD

2019-05-01 Monthly contribution from Andre Bubel (Individuals)  ; id:42a49bc8, group:d1f0eecc, payment-method:STRIPE, payment-type:CREDITCARD
    revenues:donations:andre-bubel             -2.00 USD
    assets:opencollective:hledger               1.42 USD = 313.49 USD
    expenses:fees:STRIPE                        0.38 USD
    expenses:fees:open-source-collective        0.20 USD

2019-05-21 Monthly contribution from Colton Lewis (Individuals)  ; id:a50bc155, group:1a88cc3e, payment-method:OPENCOLLECTIVE, payment-type:GIFTCARD
    revenues:donations:colton-lewis            -5.00 USD
    assets:opencollective:hledger               4.05 USD = 317.54 USD
    expenses:fees:OPENCOLLECTIVE                0.45 USD
    expenses:fees:open-source-collective        0.50 USD

2019-06-01 Monthly contribution from Michael Martinides (Individuals)  ; id:a90bfa46, group:9763d36d, payment-method:STRIPE, payment-type:CREDITCARD
    revenues:donations:michael-martinides       -2.00 USD
    assets:opencollective:hledger                1.42 USD = 318.96 USD
    expenses:fees:STRIPE                         0.38 USD
    expenses:fees:open-source-collective         0.20 USD

2019-06-01 Monthly contribution from Colton Lewis (Individuals)  ; id:e2d3b640, group:045fd7ea, payment-method:OPENCOLLECTIVE, payment-type:GIFTCARD
    revenues:donations:colton-lewis            -5.00 USD
    assets:opencollective:hledger               4.05 USD = 323.01 USD
    expenses:fees:OPENCOLLECTIVE                0.45 USD
    expenses:fees:open-source-collective        0.50 USD

2019-06-01 Monthly contribution from Andre Bubel (Individuals)  ; id:c262fb06, group:1285317a, payment-method:STRIPE, payment-type:CREDITCARD
    revenues:donations:andre-bubel             -2.00 USD
    assets:opencollective:hledger               1.42 USD = 324.43 USD
    expenses:fees:STRIPE                        0.38 USD
    expenses:fees:open-source-collective        0.20 USD

2019-07-01 Monthly contribution from Michael Martinides (Individuals)  ; id:db9552e5, group:6040b683, payment-method:STRIPE, payment-type:CREDITCARD
    revenues:donations:michael-martinides       -2.00 USD
    assets:opencollective:hledger                1.42 USD = 325.85 USD
    expenses:fees:STRIPE                         0.38 USD
    expenses:fees:open-source-collective         0.20 USD

2019-07-01 Monthly contribution from Colton Lewis (Individuals)  ; id:989d5662, group:244f804e, payment-method:OPENCOLLECTIVE, payment-type:GIFTCARD
    revenues:donations:colton-lewis            -5.00 USD
    assets:opencollective:hledger               4.05 USD = 329.9 USD
    expenses:fees:OPENCOLLECTIVE                0.45 USD
    expenses:fees:open-source-collective        0.50 USD

2019-07-01 Monthly contribution from Andre Bubel (Individuals)  ; id:0ccf2f30, group:a96a62c2, payment-method:STRIPE, payment-type:CREDITCARD
    revenues:donations:andre-bubel             -2.00 USD
    assets:opencollective:hledger               1.42 USD = 331.32 USD
    expenses:fees:STRIPE                        0.38 USD
    expenses:fees:open-source-collective        0.20 USD

2019-07-26 Monthly contribution from Everyrole (Individuals)  ; id:c7e5557d, group:466c8f82, payment-method:STRIPE, payment-type:CREDITCARD
    revenues:donations:everyrole               -2.00 USD
    assets:opencollective:hledger               1.42 USD = 332.74 USD
    expenses:fees:STRIPE                        0.38 USD
    expenses:fees:open-source-collective        0.20 USD

2019-08-01 Monthly contribution from Michael Martinides (Individuals)  ; id:c5d23973, group:fb7372df, payment-method:STRIPE, payment-type:CREDITCARD
    revenues:donations:michael-martinides       -2.00 USD
    assets:opencollective:hledger                1.42 USD = 334.16 USD
    expenses:fees:STRIPE                         0.38 USD
    expenses:fees:open-source-collective         0.20 USD

2019-08-01 Monthly contribution from Everyrole (Individuals)  ; id:721a1c34, group:a2c04d39, payment-method:STRIPE, payment-type:CREDITCARD
    revenues:donations:everyrole               -2.00 USD
    assets:opencollective:hledger               1.42 USD = 335.58 USD
    expenses:fees:STRIPE                        0.38 USD
    expenses:fees:open-source-collective        0.20 USD

2019-08-01 Monthly contribution from Colton Lewis (Individuals)  ; id:97b86133, group:7ad4cab3, payment-method:OPENCOLLECTIVE, payment-type:GIFTCARD
    revenues:donations:colton-lewis            -5.00 USD
    assets:opencollective:hledger               4.05 USD = 339.63 USD
    expenses:fees:OPENCOLLECTIVE                0.45 USD
    expenses:fees:open-source-collective        0.50 USD

2019-08-01 Monthly contribution from Andre Bubel (Individuals)  ; id:36f70863, group:330262a5, payment-method:STRIPE, payment-type:CREDITCARD
    revenues:donations:andre-bubel             -2.00 USD
    assets:opencollective:hledger               1.42 USD = 341.05 USD
    expenses:fees:STRIPE                        0.38 USD
    expenses:fees:open-source-collective        0.20 USD

2019-09-01 Monthly contribution from Michael Martinides (Individuals)  ; id:ca75f694, group:69b52407, payment-method:STRIPE, payment-type:CREDITCARD
    revenues:donations:michael-martinides       -2.00 USD
    assets:opencollective:hledger                1.42 USD = 342.47 USD
    expenses:fees:STRIPE                         0.38 USD
    expenses:fees:open-source-collective         0.20 USD

2019-09-01 Monthly contribution from Colton Lewis (Individuals)  ; id:93f0a3e7, group:d3d78768, payment-method:OPENCOLLECTIVE, payment-type:GIFTCARD
    revenues:donations:colton-lewis            -5.00 USD
    assets:opencollective:hledger               4.05 USD = 346.52 USD
    expenses:fees:OPENCOLLECTIVE                0.45 USD
    expenses:fees:open-source-collective        0.50 USD

2019-09-01 Monthly contribution from Andre Bubel (Individuals)  ; id:e4d0a169, group:f7d293fd, payment-method:STRIPE, payment-type:CREDITCARD
    revenues:donations:andre-bubel             -2.00 USD
    assets:opencollective:hledger               1.42 USD = 347.94 USD
    expenses:fees:STRIPE                        0.38 USD
    expenses:fees:open-source-collective        0.20 USD

2019-09-27 Monthly contribution from Rishi Hyanki (Individuals)  ; id:97a1f5b3, group:0826901e, payment-method:STRIPE, payment-type:CREDITCARD
    revenues:donations:rhyanki                 -5.00 USD
    assets:opencollective:hledger               4.05 USD = 351.99 USD
    expenses:fees:STRIPE                        0.45 USD
    expenses:fees:open-source-collective        0.50 USD

2019-10-01 Monthly contribution from Michael Martinides (Individuals)  ; id:d8017cfb, group:87f75936, payment-method:STRIPE, payment-type:CREDITCARD
    revenues:donations:michael-martinides       -2.00 USD
    assets:opencollective:hledger                1.42 USD = 353.41 USD
    expenses:fees:STRIPE                         0.38 USD
    expenses:fees:open-source-collective         0.20 USD

2019-10-01 Monthly contribution from Rishi Hyanki (Individuals)  ; id:be7fb74d, group:a4321cdf, payment-method:STRIPE, payment-type:CREDITCARD
    revenues:donations:rhyanki                 -5.00 USD
    assets:opencollective:hledger               4.05 USD = 357.46 USD
    expenses:fees:STRIPE                        0.45 USD
    expenses:fees:open-source-collective        0.50 USD

2019-10-01 Monthly contribution from Andre Bubel (Individuals)  ; id:9eec1d8a, group:4997893f, payment-method:STRIPE, payment-type:CREDITCARD
    revenues:donations:andre-bubel             -2.00 USD
    assets:opencollective:hledger               1.42 USD = 358.88 USD
    expenses:fees:STRIPE                        0.38 USD
    expenses:fees:open-source-collective        0.20 USD

2019-11-01 Monthly contribution from Michael Martinides (Individuals)  ; id:5e8dc01e, group:a03df435, payment-method:STRIPE, payment-type:CREDITCARD
    revenues:donations:michael-martinides       -2.00 USD
    assets:opencollective:hledger                1.42 USD = 360.3 USD
    expenses:fees:STRIPE                         0.38 USD
    expenses:fees:open-source-collective         0.20 USD

2019-11-01 Monthly contribution from Rishi Hyanki (Individuals)  ; id:d92cc48d, group:b5450f15, payment-method:STRIPE, payment-type:CREDITCARD
    revenues:donations:rhyanki                 -5.00 USD
    assets:opencollective:hledger               4.05 USD = 364.35 USD
    expenses:fees:STRIPE                        0.45 USD
    expenses:fees:open-source-collective        0.50 USD

2019-11-01 Monthly contribution from Andre Bubel (Individuals)  ; id:8d752de4, group:0c31294b, payment-method:STRIPE, payment-type:CREDITCARD
    revenues:donations:andre-bubel             -2.00 USD
    assets:opencollective:hledger               1.42 USD = 365.77 USD
    expenses:fees:STRIPE                        0.38 USD
    expenses:fees:open-source-collective        0.20 USD

2019-12-01 Monthly contribution from Michael Martinides (Individuals)  ; id:c5eced93, group:ab2e4dc8, payment-method:STRIPE, payment-type:CREDITCARD
    revenues:donations:michael-martinides       -2.00 USD
    assets:opencollective:hledger                1.42 USD = 367.19 USD
    expenses:fees:STRIPE                         0.38 USD
    expenses:fees:open-source-collective         0.20 USD

2019-12-01 Monthly contribution from Rishi Hyanki (Individuals)  ; id:66b262b9, group:8940799c, payment-method:STRIPE, payment-type:CREDITCARD
    revenues:donations:rhyanki                 -5.00 USD
    assets:opencollective:hledger               4.05 USD = 371.24 USD
    expenses:fees:STRIPE                        0.45 USD
    expenses:fees:open-source-collective        0.50 USD

2019-12-03 Monthly contribution from Andre Bubel (Individuals)  ; id:8b2c40dd, group:109d608c, payment-method:STRIPE, payment-type:CREDITCARD
    revenues:donations:andre-bubel             -2.00 USD
    assets:opencollective:hledger               1.42 USD = 372.66 USD
    expenses:fees:STRIPE                        0.38 USD
    expenses:fees:open-source-collective        0.20 USD

2020-01-01 Monthly contribution from Michael Martinides (Individuals)  ; id:3c1333e4, group:dfc666a3, payment-method:STRIPE, payment-type:CREDITCARD
    revenues:donations:michael-martinides       -2.00 USD
    assets:opencollective:hledger                1.42 USD = 374.08 USD
    expenses:fees:STRIPE                         0.38 USD
    expenses:fees:open-source-collective         0.20 USD

2020-01-01 Monthly contribution from Rishi Hyanki (Individuals)  ; id:f7b986df, group:7455c303, payment-method:STRIPE, payment-type:CREDITCARD
    revenues:donations:rhyanki                 -5.00 USD
    assets:opencollective:hledger               4.05 USD = 378.13 USD
    expenses:fees:STRIPE                        0.45 USD
    expenses:fees:open-source-collective        0.50 USD

2020-01-03 Monthly contribution from Andre Bubel (Individuals)  ; id:511e3ee1, group:a12f6292, payment-method:STRIPE, payment-type:CREDITCARD
    revenues:donations:andre-bubel             -2.00 USD
    assets:opencollective:hledger               1.42 USD = 379.55 USD
    expenses:fees:STRIPE                        0.38 USD
    expenses:fees:open-source-collective        0.20 USD

2020-01-09 Monthly contribution from Brandon Barker (Individuals)  ; id:f2e4afc1, group:c48e4a2a, payment-method:STRIPE, payment-type:CREDITCARD
    revenues:donations:brandonbarker           -2.00 USD
    assets:opencollective:hledger               1.44 USD = 380.99 USD
    expenses:fees:STRIPE                        0.36 USD
    expenses:fees:open-source-collective        0.20 USD

2020-02-01 Monthly contribution from Brandon Barker (Individuals)  ; id:6c12380c, group:7b38c7c9, payment-method:STRIPE, payment-type:CREDITCARD
    revenues:donations:brandonbarker           -2.00 USD
    assets:opencollective:hledger               1.44 USD = 382.43 USD
    expenses:fees:STRIPE                        0.36 USD
    expenses:fees:open-source-collective        0.20 USD

2020-02-01 Monthly contribution from Michael Martinides (Individuals)  ; id:16cf280c, group:c402253f, payment-method:STRIPE, payment-type:CREDITCARD
    revenues:donations:michael-martinides       -2.00 USD
    assets:opencollective:hledger                1.42 USD = 383.85 USD
    expenses:fees:STRIPE                         0.38 USD
    expenses:fees:open-source-collective         0.20 USD

2020-02-02 Monthly contribution from Rishi Hyanki (Individuals)  ; id:27913cd5, group:df6b8fc1, payment-method:STRIPE, payment-type:CREDITCARD
    revenues:donations:rhyanki                 -5.00 USD
    assets:opencollective:hledger               4.05 USD = 387.9 USD
    expenses:fees:STRIPE                        0.45 USD
    expenses:fees:open-source-collective        0.50 USD

2020-02-03 Monthly contribution from Andre Bubel (Individuals)  ; id:c99aeeeb, group:e2d0ff57, payment-method:STRIPE, payment-type:CREDITCARD
    revenues:donations:andre-bubel             -2.00 USD
    assets:opencollective:hledger               1.42 USD = 389.32 USD
    expenses:fees:STRIPE                        0.38 USD
    expenses:fees:open-source-collective        0.20 USD

2020-03-01 Monthly contribution from Brandon Barker (Individuals)  ; id:de44bf1c, group:d445f221, payment-method:STRIPE, payment-type:CREDITCARD
    revenues:donations:brandonbarker           -2.00 USD
    assets:opencollective:hledger               1.44 USD = 390.76 USD
    expenses:fees:STRIPE                        0.36 USD
    expenses:fees:open-source-collective        0.20 USD

2020-03-01 Monthly contribution from Michael Martinides (Individuals)  ; id:270c8123, group:62e745e1, payment-method:STRIPE, payment-type:CREDITCARD
    revenues:donations:michael-martinides       -2.00 USD
    assets:opencollective:hledger                1.42 USD = 392.18 USD
    expenses:fees:STRIPE                         0.38 USD
    expenses:fees:open-source-collective         0.20 USD

2020-03-01 Monthly contribution from Andre Bubel (Individuals)  ; id:2e1b61c0, group:fd5b51b6, payment-method:STRIPE, payment-type:CREDITCARD
    revenues:donations:andre-bubel             -2.00 USD
    assets:opencollective:hledger               1.42 USD = 393.6 USD
    expenses:fees:STRIPE                        0.38 USD
    expenses:fees:open-source-collective        0.20 USD

2020-03-02 Monthly contribution from Rishi Hyanki (Individuals)  ; id:950e2ae8, group:33b41f8b, payment-method:STRIPE, payment-type:CREDITCARD
    revenues:donations:rhyanki                 -5.00 USD
    assets:opencollective:hledger               4.05 USD = 397.65 USD
    expenses:fees:STRIPE                        0.45 USD
    expenses:fees:open-source-collective        0.50 USD

2020-04-01 Monthly contribution from Brandon Barker (Individuals)  ; id:1c741c17, group:30818e53, payment-method:STRIPE, payment-type:CREDITCARD
    revenues:donations:brandonbarker           -2.00 USD
    assets:opencollective:hledger               1.44 USD = 399.09 USD
    expenses:fees:STRIPE                        0.36 USD
    expenses:fees:open-source-collective        0.20 USD

2020-04-01 Monthly contribution from Michael Martinides (Individuals)  ; id:137cda81, group:e83eae62, payment-method:STRIPE, payment-type:CREDITCARD
    revenues:donations:michael-martinides       -2.00 USD
    assets:opencollective:hledger                1.42 USD = 400.51 USD
    expenses:fees:STRIPE                         0.38 USD
    expenses:fees:open-source-collective         0.20 USD

2020-04-03 Monthly contribution from Rishi Hyanki (Individuals)  ; id:c2bd7485, group:fc2bb1b7, payment-method:STRIPE, payment-type:CREDITCARD
    revenues:donations:rhyanki                 -5.00 USD
    assets:opencollective:hledger               4.05 USD = 404.56 USD
    expenses:fees:STRIPE                        0.45 USD
    expenses:fees:open-source-collective        0.50 USD

2020-04-08 Monthly contribution from Paulo Makdisse (Individuals)  ; id:421a7fad, group:5acdfb24, payment-method:STRIPE, payment-type:CREDITCARD
    revenues:donations:paulo-makdisse          -2.00 USD
    assets:opencollective:hledger               1.42 USD = 405.98 USD
    expenses:fees:STRIPE                        0.38 USD
    expenses:fees:open-source-collective        0.20 USD

2020-04-09 Monthly contribution from Andre Bubel (Individuals)  ; id:6082be25, group:3b0e9818, payment-method:STRIPE, payment-type:CREDITCARD
    revenues:donations:andre-bubel             -2.00 USD
    assets:opencollective:hledger               1.42 USD = 407.4 USD
    expenses:fees:STRIPE                        0.38 USD
    expenses:fees:open-source-collective        0.20 USD

2020-04-10 Monthly contribution from October Swimmer (Organisations)  ; id:33081501, group:78009d44, payment-method:STRIPE, payment-type:CREDITCARD
    revenues:donations:october-swimmer       -100.00 USD
    assets:opencollective:hledger              86.80 USD = 494.2 USD
    expenses:fees:STRIPE                        3.20 USD
    expenses:fees:open-source-collective       10.00 USD

2020-05-01 Monthly contribution from Brandon Barker (Individuals)  ; id:203dd78b, group:489fb55f, payment-method:STRIPE, payment-type:CREDITCARD
    revenues:donations:brandonbarker           -2.00 USD
    assets:opencollective:hledger               1.44 USD = 495.64 USD
    expenses:fees:STRIPE                        0.36 USD
    expenses:fees:open-source-collective        0.20 USD

2020-05-02 Monthly contribution from Michael Martinides (Individuals)  ; id:86bff4e2, group:6e8376d0, payment-method:STRIPE, payment-type:CREDITCARD
    revenues:donations:michael-martinides       -2.00 USD
    assets:opencollective:hledger                1.42 USD = 497.06 USD
    expenses:fees:STRIPE                         0.38 USD
    expenses:fees:open-source-collective         0.20 USD

2020-05-02 Monthly contribution from HLO_APC (Individuals)  ; id:2f6393c5, group:d2604038, payment-method:STRIPE, payment-type:CREDITCARD
    revenues:donations:hlo_apc                 -2.00 USD
    assets:opencollective:hledger               1.44 USD = 498.5 USD
    expenses:fees:STRIPE                        0.36 USD
    expenses:fees:open-source-collective        0.20 USD

2020-05-03 Monthly contribution from Rishi Hyanki (Individuals)  ; id:a0b47aed, group:012a0cde, payment-method:STRIPE, payment-type:CREDITCARD
    revenues:donations:rhyanki                 -5.00 USD
    assets:opencollective:hledger               4.05 USD = 502.55 USD
    expenses:fees:STRIPE                        0.45 USD
    expenses:fees:open-source-collective        0.50 USD

2020-05-04 Monthly contribution from Paulo Makdisse (Individuals)  ; id:b27df954, group:a701c57b, payment-method:STRIPE, payment-type:CREDITCARD
    revenues:donations:paulo-makdisse          -2.00 USD
    assets:opencollective:hledger               1.42 USD = 503.97 USD
    expenses:fees:STRIPE                        0.38 USD
    expenses:fees:open-source-collective        0.20 USD

2020-05-04 Monthly contribution from October Swimmer (Organisations)  ; id:0ecf1af6, group:c84e6735, payment-method:STRIPE, payment-type:CREDITCARD
    revenues:donations:october-swimmer       -100.00 USD
    assets:opencollective:hledger              86.80 USD = 590.77 USD
    expenses:fees:STRIPE                        3.20 USD
    expenses:fees:open-source-collective       10.00 USD

2020-05-18 Contribution from incognito  ; id:70e8bc2f, group:f04ca01b, payment-method:PAYPAL, payment-type:PAYMENT
    revenues:donations:incognito-59e742bc      -20.00 USD
    assets:opencollective:hledger               17.12 USD = 607.89 USD
    expenses:fees:PAYPAL                         0.88 USD
    expenses:fees:open-source-collective         2.00 USD

2020-05-22 Monthly contribution from Andre Bubel (Individuals)  ; id:5035c6ea, group:52c6d258, payment-method:STRIPE, payment-type:CREDITCARD
    revenues:donations:andre-bubel             -2.00 USD
    assets:opencollective:hledger               1.42 USD = 609.31 USD
    expenses:fees:STRIPE                        0.38 USD
    expenses:fees:open-source-collective        0.20 USD

2020-06-01 Monthly contribution from Brandon Barker (Individuals)  ; id:791f3d20, group:8133c4c8, payment-method:STRIPE, payment-type:CREDITCARD
    revenues:donations:brandonbarker           -2.00 USD
    assets:opencollective:hledger               1.44 USD = 610.75 USD
    expenses:fees:STRIPE                        0.36 USD
    expenses:fees:open-source-collective        0.20 USD

2020-06-01 Monthly contribution from Michael Martinides (Individuals)  ; id:8d951d05, group:fbaf99a4, payment-method:STRIPE, payment-type:CREDITCARD
    revenues:donations:michael-martinides       -2.00 USD
    assets:opencollective:hledger                1.42 USD = 612.17 USD
    expenses:fees:STRIPE                         0.38 USD
    expenses:fees:open-source-collective         0.20 USD

2020-06-02 Monthly contribution from Rishi Hyanki (Individuals)  ; id:fe2707b1, group:1cbd40cd, payment-method:STRIPE, payment-type:CREDITCARD
    revenues:donations:rhyanki                 -5.00 USD
    assets:opencollective:hledger               4.05 USD = 616.22 USD
    expenses:fees:STRIPE                        0.45 USD
    expenses:fees:open-source-collective        0.50 USD

2020-06-03 Monthly contribution from HLO_APC (Individuals)  ; id:ad48bdfa, group:00b263c0, payment-method:STRIPE, payment-type:CREDITCARD
    revenues:donations:hlo_apc                 -2.00 USD
    assets:opencollective:hledger               1.44 USD = 617.66 USD
    expenses:fees:STRIPE                        0.36 USD
    expenses:fees:open-source-collective        0.20 USD

2020-06-03 Monthly contribution from Paulo Makdisse (Individuals)  ; id:8fde80c3, group:86f0f055, payment-method:STRIPE, payment-type:CREDITCARD
    revenues:donations:paulo-makdisse          -2.00 USD
    assets:opencollective:hledger               1.42 USD = 619.08 USD
    expenses:fees:STRIPE                        0.38 USD
    expenses:fees:open-source-collective        0.20 USD

2020-06-03 Monthly contribution from October Swimmer (Organisations)  ; id:65bd3280, group:c1e85752, payment-method:STRIPE, payment-type:CREDITCARD
    revenues:donations:october-swimmer       -100.00 USD
    assets:opencollective:hledger              86.80 USD = 705.88 USD
    expenses:fees:STRIPE                        3.20 USD
    expenses:fees:open-source-collective       10.00 USD

2020-06-16 Monthly contribution from Andre Bubel (Individuals)  ; id:41f911d9, group:78ae4ca1, payment-method:STRIPE, payment-type:CREDITCARD
    revenues:donations:andre-bubel             -2.00 USD
    assets:opencollective:hledger               1.42 USD = 707.3 USD
    expenses:fees:STRIPE                        0.38 USD
    expenses:fees:open-source-collective        0.20 USD

2020-07-01 Monthly contribution from Brandon Barker (Individuals)  ; id:11a83cac, group:1c8afc6b, payment-method:STRIPE, payment-type:CREDITCARD
    revenues:donations:brandonbarker           -2.00 USD
    assets:opencollective:hledger               1.44 USD = 708.74 USD
    expenses:fees:STRIPE                        0.36 USD
    expenses:fees:open-source-collective        0.20 USD

2020-07-01 Monthly contribution from Michael Martinides (Individuals)  ; id:c876748a, group:436444c5, payment-method:STRIPE, payment-type:CREDITCARD
    revenues:donations:michael-martinides       -2.00 USD
    assets:opencollective:hledger                1.42 USD = 710.16 USD
    expenses:fees:STRIPE                         0.38 USD
    expenses:fees:open-source-collective         0.20 USD

2020-07-01 Monthly contribution from Andre Bubel (Individuals)  ; id:2978d570, group:5b5f815b, payment-method:STRIPE, payment-type:CREDITCARD
    revenues:donations:andre-bubel             -2.00 USD
    assets:opencollective:hledger               1.42 USD = 711.58 USD
    expenses:fees:STRIPE                        0.38 USD
    expenses:fees:open-source-collective        0.20 USD

2020-07-02 Monthly contribution from Rishi Hyanki (Individuals)  ; id:94d998f8, group:512777d5, payment-method:STRIPE, payment-type:CREDITCARD
    revenues:donations:rhyanki                 -5.00 USD
    assets:opencollective:hledger               4.05 USD = 715.63 USD
    expenses:fees:STRIPE                        0.45 USD
    expenses:fees:open-source-collective        0.50 USD

2020-07-03 Monthly contribution from HLO_APC (Individuals)  ; id:b28186ca, group:6885ee37, payment-method:STRIPE, payment-type:CREDITCARD
    revenues:donations:hlo_apc                 -2.00 USD
    assets:opencollective:hledger               1.44 USD = 717.07 USD
    expenses:fees:STRIPE                        0.36 USD
    expenses:fees:open-source-collective        0.20 USD

2020-07-03 Monthly contribution from Paulo Makdisse (Individuals)  ; id:1869fcc6, group:5023de21, payment-method:STRIPE, payment-type:CREDITCARD
    revenues:donations:paulo-makdisse          -2.00 USD
    assets:opencollective:hledger               1.42 USD = 718.49 USD
    expenses:fees:STRIPE                        0.38 USD
    expenses:fees:open-source-collective        0.20 USD

2020-07-03 Monthly contribution from October Swimmer (Organisations)  ; id:09014e5a, group:8e244cc7, payment-method:STRIPE, payment-type:CREDITCARD
    revenues:donations:october-swimmer       -100.00 USD
    assets:opencollective:hledger              86.80 USD = 805.29 USD
    expenses:fees:STRIPE                        3.20 USD
    expenses:fees:open-source-collective       10.00 USD

2020-08-01 Monthly contribution from Michael Martinides (Individuals)  ; id:55372e8a, group:f1d26dfc, payment-method:STRIPE, payment-type:CREDITCARD
    revenues:donations:michael-martinides       -2.00 USD
    assets:opencollective:hledger                1.42 USD = 806.71 USD
    expenses:fees:STRIPE                         0.38 USD
    expenses:fees:open-source-collective         0.20 USD

2020-08-01 Monthly contribution from Rishi Hyanki (Individuals)  ; id:082c6824, group:c630adf4, payment-method:STRIPE, payment-type:CREDITCARD
    revenues:donations:rhyanki                 -5.00 USD
    assets:opencollective:hledger               4.05 USD = 810.76 USD
    expenses:fees:STRIPE                        0.45 USD
    expenses:fees:open-source-collective        0.50 USD

2020-08-02 Monthly contribution from Brandon Barker (Individuals)  ; id:128cb2e9, group:753a9e41, payment-method:STRIPE, payment-type:CREDITCARD
    revenues:donations:brandonbarker           -2.00 USD
    assets:opencollective:hledger               1.44 USD = 812.2 USD
    expenses:fees:STRIPE                        0.36 USD
    expenses:fees:open-source-collective        0.20 USD

2020-08-03 Monthly contribution from HLO_APC (Individuals)  ; id:12f0ffb9, group:3c885168, payment-method:STRIPE, payment-type:CREDITCARD
    revenues:donations:hlo_apc                 -2.00 USD
    assets:opencollective:hledger               1.44 USD = 813.64 USD
    expenses:fees:STRIPE                        0.36 USD
    expenses:fees:open-source-collective        0.20 USD

2020-08-03 Monthly contribution from October Swimmer (Organisations)  ; id:c4a536e2, group:9ddcfbbe, payment-method:STRIPE, payment-type:CREDITCARD
    revenues:donations:october-swimmer       -100.00 USD
    assets:opencollective:hledger              86.80 USD = 900.44 USD
    expenses:fees:STRIPE                        3.20 USD
    expenses:fees:open-source-collective       10.00 USD

2020-08-10 Monthly contribution from Andre Bubel (Individuals)  ; id:3bae8ff3, group:78164a31, payment-method:STRIPE, payment-type:CREDITCARD
    revenues:donations:andre-bubel             -2.00 USD
    assets:opencollective:hledger               1.42 USD = 901.86 USD
    expenses:fees:STRIPE                        0.38 USD
    expenses:fees:open-source-collective        0.20 USD

2020-08-11 Monthly contribution from Paulo Makdisse (Individuals)  ; id:5f579fbf, group:8b96fcc1, payment-method:STRIPE, payment-type:CREDITCARD
    revenues:donations:paulo-makdisse          -2.00 USD
    assets:opencollective:hledger               1.42 USD = 903.28 USD
    expenses:fees:STRIPE                        0.38 USD
    expenses:fees:open-source-collective        0.20 USD

2020-08-28 Monthly contribution from Jack Todaro (Individuals)  ; id:4398aaa4, group:06a6afae, payment-method:STRIPE, payment-type:CREDITCARD
    revenues:donations:jack-todaro             -2.00 USD
    assets:opencollective:hledger               1.42 USD = 904.7 USD
    expenses:fees:STRIPE                        0.38 USD
    expenses:fees:open-source-collective        0.20 USD

2020-09-01 Monthly contribution from Michael Martinides (Individuals)  ; id:7e987f7a, group:77f00977, payment-method:STRIPE, payment-type:CREDITCARD
    revenues:donations:michael-martinides       -2.00 USD
    assets:opencollective:hledger                1.42 USD = 906.12 USD
    expenses:fees:STRIPE                         0.38 USD
    expenses:fees:open-source-collective         0.20 USD

2020-09-01 Monthly contribution from Rishi Hyanki (Individuals)  ; id:22887259, group:4f54c2e3, payment-method:STRIPE, payment-type:CREDITCARD
    revenues:donations:rhyanki                 -5.00 USD
    assets:opencollective:hledger               4.05 USD = 910.17 USD
    expenses:fees:STRIPE                        0.45 USD
    expenses:fees:open-source-collective        0.50 USD

2020-09-01 Monthly contribution from Brandon Barker (Individuals)  ; id:d8e49f82, group:462215a9, payment-method:STRIPE, payment-type:CREDITCARD
    revenues:donations:brandonbarker           -2.00 USD
    assets:opencollective:hledger               1.44 USD = 911.61 USD
    expenses:fees:STRIPE                        0.36 USD
    expenses:fees:open-source-collective        0.20 USD

2020-09-01 Monthly contribution from HLO_APC (Individuals)  ; id:6545c8a7, group:b8fedc62, payment-method:STRIPE, payment-type:CREDITCARD
    revenues:donations:hlo_apc                 -2.00 USD
    assets:opencollective:hledger               1.44 USD = 913.05 USD
    expenses:fees:STRIPE                        0.36 USD
    expenses:fees:open-source-collective        0.20 USD

2020-09-01 Monthly contribution from Paulo Makdisse (Individuals)  ; id:0f7342b1, group:2c5a052c, payment-method:STRIPE, payment-type:CREDITCARD
    revenues:donations:paulo-makdisse          -2.00 USD
    assets:opencollective:hledger               1.42 USD = 914.47 USD
    expenses:fees:STRIPE                        0.38 USD
    expenses:fees:open-source-collective        0.20 USD

2020-09-01 Monthly contribution from October Swimmer (Organisations)  ; id:31e213a4, group:ab488bea, payment-method:STRIPE, payment-type:CREDITCARD
    revenues:donations:october-swimmer       -100.00 USD
    assets:opencollective:hledger              86.80 USD = 1001.27 USD
    expenses:fees:STRIPE                        3.20 USD
    expenses:fees:open-source-collective       10.00 USD

2020-09-09 Monthly contribution from Andre Bubel (Individuals)  ; id:be293236, group:3a247930, payment-method:STRIPE, payment-type:CREDITCARD
    revenues:donations:andre-bubel             -2.00 USD
    assets:opencollective:hledger               1.42 USD = 1002.69 USD
    expenses:fees:STRIPE                        0.38 USD
    expenses:fees:open-source-collective        0.20 USD

2020-10-01 Monthly contribution from October Swimmer (Organisations)  ; id:e604ba47, group:d04acf57, payment-method:STRIPE, payment-type:CREDITCARD
    revenues:donations:october-swimmer       -100.00 USD
    assets:opencollective:hledger              86.80 USD = 1089.49 USD
    expenses:fees:STRIPE                        3.20 USD
    expenses:fees:open-source-collective       10.00 USD

2020-10-01 Monthly contribution from Michael Martinides (Individuals)  ; id:e179305e, group:e3f3378d, payment-method:STRIPE, payment-type:CREDITCARD
    revenues:donations:michael-martinides       -2.00 USD
    assets:opencollective:hledger                1.42 USD = 1090.91 USD
    expenses:fees:STRIPE                         0.38 USD
    expenses:fees:open-source-collective         0.20 USD

2020-10-01 Monthly contribution from Andre Bubel (Individuals)  ; id:4a35817c, group:a61372a2, payment-method:STRIPE, payment-type:CREDITCARD
    revenues:donations:andre-bubel             -2.00 USD
    assets:opencollective:hledger               1.42 USD = 1092.33 USD
    expenses:fees:STRIPE                        0.38 USD
    expenses:fees:open-source-collective        0.20 USD

2020-10-01 Monthly contribution from Rishi Hyanki (Individuals)  ; id:ff745054, group:fee9006f, payment-method:STRIPE, payment-type:CREDITCARD
    revenues:donations:rhyanki                 -5.00 USD
    assets:opencollective:hledger               4.05 USD = 1096.38 USD
    expenses:fees:STRIPE                        0.45 USD
    expenses:fees:open-source-collective        0.50 USD

2020-10-01 Monthly contribution from Brandon Barker (Individuals)  ; id:d8be138a, group:58a41f59, payment-method:STRIPE, payment-type:CREDITCARD
    revenues:donations:brandonbarker           -2.00 USD
    assets:opencollective:hledger               1.44 USD = 1097.82 USD
    expenses:fees:STRIPE                        0.36 USD
    expenses:fees:open-source-collective        0.20 USD

2020-10-01 Monthly contribution from HLO_APC (Individuals)  ; id:9e0c4fe4, group:6cf015c3, payment-method:STRIPE, payment-type:CREDITCARD
    revenues:donations:hlo_apc                 -2.00 USD
    assets:opencollective:hledger               1.44 USD = 1099.26 USD
    expenses:fees:STRIPE                        0.36 USD
    expenses:fees:open-source-collective        0.20 USD

2020-10-01 Monthly contribution from Paulo Makdisse (Individuals)  ; id:66dd2418, group:0b047c25, payment-method:STRIPE, payment-type:CREDITCARD
    revenues:donations:paulo-makdisse          -2.00 USD
    assets:opencollective:hledger               1.42 USD = 1100.68 USD
    expenses:fees:STRIPE                        0.38 USD
    expenses:fees:open-source-collective        0.20 USD

2020-10-01 Monthly contribution from Jack Todaro (Individuals)  ; id:fc61589f, group:8f2cb497, payment-method:STRIPE, payment-type:CREDITCARD
    revenues:donations:jack-todaro             -2.00 USD
    assets:opencollective:hledger               1.42 USD = 1102.1 USD
    expenses:fees:STRIPE                        0.38 USD
    expenses:fees:open-source-collective        0.20 USD

2020-10-04 Monthly contribution from Tony Xiao (Individuals)  ; id:b78bf78b, group:540b003a, payment-method:STRIPE, payment-type:CREDITCARD
    revenues:donations:tony-xiao1             -10.00 USD
    assets:opencollective:hledger               8.41 USD = 1110.51 USD
    expenses:fees:STRIPE                        0.59 USD
    expenses:fees:open-source-collective        1.00 USD

2020-11-01 Monthly contribution from October Swimmer (Organisations)  ; id:1fc17fb9, group:5bbb8550, payment-method:STRIPE, payment-type:CREDITCARD
    revenues:donations:october-swimmer       -100.00 USD
    assets:opencollective:hledger              86.80 USD = 1197.31 USD
    expenses:fees:STRIPE                        3.20 USD
    expenses:fees:open-source-collective       10.00 USD

2020-11-01 Monthly contribution from Michael Martinides (Individuals)  ; id:1186e132, group:dab72889, payment-method:STRIPE, payment-type:CREDITCARD
    revenues:donations:michael-martinides       -2.00 USD
    assets:opencollective:hledger                1.42 USD = 1198.73 USD
    expenses:fees:STRIPE                         0.38 USD
    expenses:fees:open-source-collective         0.20 USD

2020-11-01 Monthly contribution from Jack Todaro (Individuals)  ; id:98833a34, group:6fe82476, payment-method:STRIPE, payment-type:CREDITCARD
    revenues:donations:jack-todaro             -2.00 USD
    assets:opencollective:hledger               1.42 USD = 1200.15 USD
    expenses:fees:STRIPE                        0.38 USD
    expenses:fees:open-source-collective        0.20 USD

2020-11-01 Monthly contribution from Andre Bubel (Individuals)  ; id:f685ddbf, group:2c67d625, payment-method:STRIPE, payment-type:CREDITCARD
    revenues:donations:andre-bubel             -2.00 USD
    assets:opencollective:hledger               1.42 USD = 1201.57 USD
    expenses:fees:STRIPE                        0.38 USD
    expenses:fees:open-source-collective        0.20 USD

2020-11-01 Monthly contribution from Rishi Hyanki (Individuals)  ; id:02178db6, group:3e85b2f2, payment-method:STRIPE, payment-type:CREDITCARD
    revenues:donations:rhyanki                 -2.00 USD
    assets:opencollective:hledger               1.44 USD = 1203.01 USD
    expenses:fees:STRIPE                        0.36 USD
    expenses:fees:open-source-collective        0.20 USD

2020-11-01 Monthly contribution from Tony Xiao (Individuals)  ; id:dd670d22, group:9eb97e9b, payment-method:STRIPE, payment-type:CREDITCARD
    revenues:donations:tony-xiao1             -10.00 USD
    assets:opencollective:hledger               8.41 USD = 1211.42 USD
    expenses:fees:STRIPE                        0.59 USD
    expenses:fees:open-source-collective        1.00 USD

2020-11-01 Monthly contribution from Brandon Barker (Individuals)  ; id:c45133b8, group:4a875731, payment-method:STRIPE, payment-type:CREDITCARD
    revenues:donations:brandonbarker           -2.00 USD
    assets:opencollective:hledger               1.44 USD = 1212.86 USD
    expenses:fees:STRIPE                        0.36 USD
    expenses:fees:open-source-collective        0.20 USD

2020-11-01 Monthly contribution from HLO_APC (Individuals)  ; id:7ed8e956, group:7b1a4b21, payment-method:STRIPE, payment-type:CREDITCARD
    revenues:donations:hlo_apc                 -2.00 USD
    assets:opencollective:hledger               1.44 USD = 1214.3 USD
    expenses:fees:STRIPE                        0.36 USD
    expenses:fees:open-source-collective        0.20 USD

2020-11-01 Monthly contribution from Paulo Makdisse (Individuals)  ; id:cd4d5a8e, group:99754470, payment-method:STRIPE, payment-type:CREDITCARD
    revenues:donations:paulo-makdisse          -2.00 USD
    assets:opencollective:hledger               1.42 USD = 1215.72 USD
    expenses:fees:STRIPE                        0.38 USD
    expenses:fees:open-source-collective        0.20 USD

2020-11-18 Monthly contribution from Gyula Weber (Individuals)  ; id:41b5a8bd, group:091635bf, payment-method:STRIPE, payment-type:CREDITCARD
    revenues:donations:gyula_weber             -5.00 USD
    assets:opencollective:hledger               4.00 USD = 1219.72 USD
    expenses:fees:STRIPE                        0.50 USD
    expenses:fees:open-source-collective        0.50 USD

2020-11-26 Monthly contribution from MSATC (Individuals)  ; id:6f583f6d, group:5270afb4, payment-method:STRIPE, payment-type:CREDITCARD
    revenues:donations:msatc                   -2.00 USD
    assets:opencollective:hledger               1.42 USD = 1221.14 USD
    expenses:fees:STRIPE                        0.38 USD
    expenses:fees:open-source-collective        0.20 USD

2020-11-29 Monthly contribution from Richard Kelly (Individuals)  ; id:d45383e2, group:cf5d3bc1, payment-method:STRIPE, payment-type:CREDITCARD
    revenues:donations:richard-kelly           -2.00 USD
    assets:opencollective:hledger               1.44 USD = 1222.58 USD
    expenses:fees:STRIPE                        0.36 USD
    expenses:fees:open-source-collective        0.20 USD

2020-12-01 Monthly contribution from October Swimmer (Organisations)  ; id:4ffa98c2, group:644301c8, payment-method:STRIPE, payment-type:CREDITCARD
    revenues:donations:october-swimmer       -100.00 USD
    assets:opencollective:hledger              86.80 USD = 1309.38 USD
    expenses:fees:STRIPE                        3.20 USD
    expenses:fees:open-source-collective       10.00 USD

2020-12-01 Monthly contribution from Michael Martinides (Individuals)  ; id:c43260f9, group:fdadff6b, payment-method:STRIPE, payment-type:CREDITCARD
    revenues:donations:michael-martinides       -2.00 USD
    assets:opencollective:hledger                1.42 USD = 1310.8 USD
    expenses:fees:STRIPE                         0.38 USD
    expenses:fees:open-source-collective         0.20 USD

2020-12-01 Monthly contribution from Jack Todaro (Individuals)  ; id:1fe33b42, group:9c57a97e, payment-method:STRIPE, payment-type:CREDITCARD
    revenues:donations:jack-todaro             -2.00 USD
    assets:opencollective:hledger               1.42 USD = 1312.22 USD
    expenses:fees:STRIPE                        0.38 USD
    expenses:fees:open-source-collective        0.20 USD

2020-12-01 Monthly contribution from Andre Bubel (Individuals)  ; id:26ce6589, group:161a083e, payment-method:STRIPE, payment-type:CREDITCARD
    revenues:donations:andre-bubel             -2.00 USD
    assets:opencollective:hledger               1.42 USD = 1313.64 USD
    expenses:fees:STRIPE                        0.38 USD
    expenses:fees:open-source-collective        0.20 USD

2020-12-01 Monthly contribution from Rishi Hyanki (Individuals)  ; id:5123b3a8, group:e21825e3, payment-method:STRIPE, payment-type:CREDITCARD
    revenues:donations:rhyanki                 -2.00 USD
    assets:opencollective:hledger               1.44 USD = 1315.08 USD
    expenses:fees:STRIPE                        0.36 USD
    expenses:fees:open-source-collective        0.20 USD

2020-12-01 Monthly contribution from Tony Xiao (Individuals)  ; id:209d5df6, group:1379e641, payment-method:STRIPE, payment-type:CREDITCARD
    revenues:donations:tony-xiao1             -10.00 USD
    assets:opencollective:hledger               8.41 USD = 1323.49 USD
    expenses:fees:STRIPE                        0.59 USD
    expenses:fees:open-source-collective        1.00 USD

2020-12-01 Monthly contribution from Brandon Barker (Individuals)  ; id:7ae392ba, group:1ad55585, payment-method:STRIPE, payment-type:CREDITCARD
    revenues:donations:brandonbarker           -2.00 USD
    assets:opencollective:hledger               1.44 USD = 1324.93 USD
    expenses:fees:STRIPE                        0.36 USD
    expenses:fees:open-source-collective        0.20 USD

2020-12-01 Monthly contribution from HLO_APC (Individuals)  ; id:29aa99bd, group:690c491c, payment-method:STRIPE, payment-type:CREDITCARD
    revenues:donations:hlo_apc                 -2.00 USD
    assets:opencollective:hledger               1.44 USD = 1326.37 USD
    expenses:fees:STRIPE                        0.36 USD
    expenses:fees:open-source-collective        0.20 USD

2020-12-01 Monthly contribution from Paulo Makdisse (Individuals)  ; id:7b0ece2f, group:e7253946, payment-method:STRIPE, payment-type:CREDITCARD
    revenues:donations:paulo-makdisse          -2.00 USD
    assets:opencollective:hledger               1.42 USD = 1327.79 USD
    expenses:fees:STRIPE                        0.38 USD
    expenses:fees:open-source-collective        0.20 USD

2020-12-13 Contribution from Martin Rio  ; id:a6b81416, group:5f3e18ae, payment-method:PAYPAL, payment-type:PAYMENT
    revenues:donations:guest-87be5777        -100.00 USD
    assets:opencollective:hledger              86.80 USD = 1414.59 USD
    expenses:fees:PAYPAL                        3.20 USD
    expenses:fees:open-source-collective       10.00 USD

2020-12-29 Monthly contribution from Damien Cassou (Individuals)  ; id:3152ec4a, group:6d17ee19, payment-method:, payment-type:
    revenues:donations:damien-cassou           -2.00 USD
    assets:opencollective:hledger               1.42 USD = 1416.01 USD
    expenses:fees:unknown-processor             0.38 USD
    expenses:fees:open-source-collective        0.20 USD

2020-12-29 Contribution from Michael Manganiello  ; id:7dd78ab7, group:4c541dc4, payment-method:PAYPAL, payment-type:PAYMENT
    revenues:donations:guest-c173624c          -5.38 USD
    assets:opencollective:hledger               4.30 USD = 1420.31 USD
    expenses:fees:PAYPAL                        0.54 USD
    expenses:fees:open-source-collective        0.54 USD

2020-12-31 Yearly contribution from Damien Cassou  ; id:2784404e, group:ea85f55b, payment-method:, payment-type:
    revenues:donations:damien-cassou          -20.00 USD
    assets:opencollective:hledger              16.92 USD = 1437.23 USD
    expenses:fees:unknown-processor             1.08 USD
    expenses:fees:open-source-collective        2.00 USD

2021-01-01 Contribution from Guest  ; id:924b6844, group:7f46283d, payment-method:PAYPAL, payment-type:PAYMENT
    revenues:donations:guest-a949b49b         -50.00 USD
    assets:opencollective:hledger              43.25 USD = 1480.48 USD
    expenses:fees:PAYPAL                        1.75 USD
    expenses:fees:open-source-collective        5.00 USD

2021-01-02 Yearly contribution from incognito  ; id:0a99b82a, group:2c61414e, payment-method:STRIPE, payment-type:CREDITCARD
    revenues:donations:incognito-6a1e7e79      -50.00 USD
    assets:opencollective:hledger               42.75 USD = 1523.23 USD
    expenses:fees:STRIPE                         2.25 USD
    expenses:fees:open-source-collective         5.00 USD

2021-01-04 Monthly contribution from October Swimmer (Organisations)  ; id:348eb8eb, group:1a806c74, payment-method:STRIPE, payment-type:CREDITCARD
    revenues:donations:october-swimmer       -100.00 USD
    assets:opencollective:hledger              86.80 USD = 1610.03 USD
    expenses:fees:STRIPE                        3.20 USD
    expenses:fees:open-source-collective       10.00 USD

2021-01-04 Monthly contribution from Michael Martinides (Individuals)  ; id:86ae2a34, group:2e45bffd, payment-method:STRIPE, payment-type:CREDITCARD
    revenues:donations:michael-martinides       -2.00 USD
    assets:opencollective:hledger                1.42 USD = 1611.45 USD
    expenses:fees:STRIPE                         0.38 USD
    expenses:fees:open-source-collective         0.20 USD

2021-01-04 Monthly contribution from Jack Todaro (Individuals)  ; id:6a352b85, group:223a64c3, payment-method:STRIPE, payment-type:CREDITCARD
    revenues:donations:jack-todaro             -2.00 USD
    assets:opencollective:hledger               1.42 USD = 1612.87 USD
    expenses:fees:STRIPE                        0.38 USD
    expenses:fees:open-source-collective        0.20 USD

2021-01-04 Monthly contribution from Rishi Hyanki (Individuals)  ; id:e3331a49, group:bbdc37aa, payment-method:STRIPE, payment-type:CREDITCARD
    revenues:donations:rhyanki                 -2.00 USD
    assets:opencollective:hledger               1.44 USD = 1614.31 USD
    expenses:fees:STRIPE                        0.36 USD
    expenses:fees:open-source-collective        0.20 USD

2021-01-04 Monthly contribution from Brandon Barker (Individuals)  ; id:5150ce79, group:10ebda28, payment-method:STRIPE, payment-type:CREDITCARD
    revenues:donations:brandonbarker           -2.00 USD
    assets:opencollective:hledger               1.44 USD = 1615.75 USD
    expenses:fees:STRIPE                        0.36 USD
    expenses:fees:open-source-collective        0.20 USD

2021-01-04 Monthly contribution from Tony Xiao (Individuals)  ; id:7c802423, group:5d6b14c6, payment-method:STRIPE, payment-type:CREDITCARD
    revenues:donations:tony-xiao1             -10.00 USD
    assets:opencollective:hledger               8.41 USD = 1624.16 USD
    expenses:fees:STRIPE                        0.59 USD
    expenses:fees:open-source-collective        1.00 USD

2021-01-04 Monthly contribution from Anselm Peischl (Individuals)  ; id:25d08982, group:a9b79fc6, payment-method:STRIPE, payment-type:CREDITCARD
    revenues:donations:anselm-peischl          -5.00 USD
    assets:opencollective:hledger               4.00 USD = 1628.16 USD
    expenses:fees:STRIPE                        0.50 USD
    expenses:fees:open-source-collective        0.50 USD

2021-01-05 Monthly contribution from Paulo Makdisse (Individuals)  ; id:cd83adcb, group:15541dc4, payment-method:STRIPE, payment-type:CREDITCARD
    revenues:donations:paulo-makdisse          -2.00 USD
    assets:opencollective:hledger               1.42 USD = 1629.58 USD
    expenses:fees:STRIPE                        0.38 USD
    expenses:fees:open-source-collective        0.20 USD

2021-01-05 Monthly contribution from Richard Kelly (Individuals)  ; id:04a23ce5, group:7f49b11e, payment-method:STRIPE, payment-type:CREDITCARD
    revenues:donations:richard-kelly           -2.00 USD
    assets:opencollective:hledger               1.44 USD = 1631.02 USD
    expenses:fees:STRIPE                        0.36 USD
    expenses:fees:open-source-collective        0.20 USD

2021-01-06 Monthly contribution from Gyula Weber (Individuals)  ; id:dcc5b836, group:82765d0f, payment-method:STRIPE, payment-type:CREDITCARD
    revenues:donations:gyula_weber             -5.00 USD
    assets:opencollective:hledger               4.00 USD = 1635.02 USD
    expenses:fees:STRIPE                        0.50 USD
    expenses:fees:open-source-collective        0.50 USD

2021-01-06 Monthly contribution from MSATC (Individuals)  ; id:29592300, group:b41f49a3, payment-method:STRIPE, payment-type:CREDITCARD
    revenues:donations:msatc                   -2.00 USD
    assets:opencollective:hledger               1.42 USD = 1636.44 USD
    expenses:fees:STRIPE                        0.38 USD
    expenses:fees:open-source-collective        0.20 USD

2021-01-13 Monthly contribution from Andre Bubel (Individuals)  ; id:14555825, group:3900149d, payment-method:STRIPE, payment-type:CREDITCARD
    revenues:donations:andre-bubel             -2.00 USD
    assets:opencollective:hledger               1.42 USD = 1637.86 USD
    expenses:fees:STRIPE                        0.38 USD
    expenses:fees:open-source-collective        0.20 USD

2021-01-24 Monthly contribution from Writers Per Hour (Organisations)  ; id:1b225cf4, group:a75c815f, payment-method:STRIPE, payment-type:CREDITCARD
    revenues:donations:writersperhour        -100.00 USD
    assets:opencollective:hledger              85.80 USD = 1723.66 USD
    expenses:fees:STRIPE                        4.20 USD
    expenses:fees:open-source-collective       10.00 USD

2021-01-28 Monthly contribution from HLO_APC (Individuals)  ; id:64a32aa6, group:e66de5b6, payment-method:STRIPE, payment-type:CREDITCARD
    revenues:donations:hlo_apc                 -2.00 USD
    assets:opencollective:hledger               1.44 USD = 1725.1 USD
    expenses:fees:STRIPE                        0.36 USD
    expenses:fees:open-source-collective        0.20 USD

2021-02-01 Monthly contribution from October Swimmer (Organisations)  ; id:ed7cf613, group:9dc1b280, payment-method:STRIPE, payment-type:CREDITCARD
    revenues:donations:october-swimmer       -100.00 USD
    assets:opencollective:hledger              86.80 USD = 1811.9 USD
    expenses:fees:STRIPE                        3.20 USD
    expenses:fees:open-source-collective       10.00 USD

2021-02-01 Monthly contribution from Michael Martinides (Individuals)  ; id:66215be0, group:36169a99, payment-method:STRIPE, payment-type:CREDITCARD
    revenues:donations:michael-martinides       -2.00 USD
    assets:opencollective:hledger                1.42 USD = 1813.32 USD
    expenses:fees:STRIPE                         0.38 USD
    expenses:fees:open-source-collective         0.20 USD

2021-02-01 Monthly contribution from Gyula Weber (Individuals)  ; id:bb003572, group:98208a3d, payment-method:STRIPE, payment-type:CREDITCARD
    revenues:donations:gyula_weber             -5.00 USD
    assets:opencollective:hledger               4.00 USD = 1817.32 USD
    expenses:fees:STRIPE                        0.50 USD
    expenses:fees:open-source-collective        0.50 USD

2021-02-01 Monthly contribution from MSATC (Individuals)  ; id:46219426, group:c3cc7d9c, payment-method:STRIPE, payment-type:CREDITCARD
    revenues:donations:msatc                   -2.00 USD
    assets:opencollective:hledger               1.42 USD = 1818.74 USD
    expenses:fees:STRIPE                        0.38 USD
    expenses:fees:open-source-collective        0.20 USD

2021-02-01 Monthly contribution from Paulo Makdisse (Individuals)  ; id:6ea9ee63, group:43272718, payment-method:STRIPE, payment-type:CREDITCARD
    revenues:donations:paulo-makdisse          -2.00 USD
    assets:opencollective:hledger               1.42 USD = 1820.16 USD
    expenses:fees:STRIPE                        0.38 USD
    expenses:fees:open-source-collective        0.20 USD

2021-02-01 Monthly contribution from Jack Todaro (Individuals)  ; id:d382a4f8, group:11b5ee8a, payment-method:STRIPE, payment-type:CREDITCARD
    revenues:donations:jack-todaro             -2.00 USD
    assets:opencollective:hledger               1.42 USD = 1821.58 USD
    expenses:fees:STRIPE                        0.38 USD
    expenses:fees:open-source-collective        0.20 USD

2021-02-01 Monthly contribution from Rishi Hyanki (Individuals)  ; id:047dd1d3, group:c1643088, payment-method:STRIPE, payment-type:CREDITCARD
    revenues:donations:rhyanki                 -2.00 USD
    assets:opencollective:hledger               1.44 USD = 1823.02 USD
    expenses:fees:STRIPE                        0.36 USD
    expenses:fees:open-source-collective        0.20 USD

2021-02-01 Monthly contribution from Brandon Barker (Individuals)  ; id:b289368d, group:74807b71, payment-method:STRIPE, payment-type:CREDITCARD
    revenues:donations:brandonbarker           -2.00 USD
    assets:opencollective:hledger               1.44 USD = 1824.46 USD
    expenses:fees:STRIPE                        0.36 USD
    expenses:fees:open-source-collective        0.20 USD

2021-02-01 Monthly contribution from Tony Xiao (Individuals)  ; id:5352eb4e, group:df01ee38, payment-method:STRIPE, payment-type:CREDITCARD
    revenues:donations:tony-xiao1             -10.00 USD
    assets:opencollective:hledger               8.41 USD = 1832.87 USD
    expenses:fees:STRIPE                        0.59 USD
    expenses:fees:open-source-collective        1.00 USD

2021-02-01 Monthly contribution from Anselm Peischl (Individuals)  ; id:b0801397, group:1d7bf0f0, payment-method:STRIPE, payment-type:CREDITCARD
    revenues:donations:anselm-peischl          -5.00 USD
    assets:opencollective:hledger               4.00 USD = 1836.87 USD
    expenses:fees:STRIPE                        0.50 USD
    expenses:fees:open-source-collective        0.50 USD

2021-02-01 Monthly contribution from Richard Kelly (Individuals)  ; id:17ee2bbe, group:8e182af5, payment-method:STRIPE, payment-type:CREDITCARD
    revenues:donations:richard-kelly           -2.00 USD
    assets:opencollective:hledger               1.44 USD = 1838.31 USD
    expenses:fees:STRIPE                        0.36 USD
    expenses:fees:open-source-collective        0.20 USD

2021-03-01 Monthly contribution from Anselm Peischl (Individuals)  ; id:8c839992, group:9a6ecf56, payment-method:STRIPE, payment-type:CREDITCARD
    revenues:donations:anselm-peischl          -5.00 USD
    assets:opencollective:hledger               4.00 USD = 1842.31 USD
    expenses:fees:STRIPE                        0.50 USD
    expenses:fees:open-source-collective        0.50 USD

2021-03-01 Monthly contribution from October Swimmer (Organisations)  ; id:25b349d5, group:298f49b0, payment-method:STRIPE, payment-type:CREDITCARD
    revenues:donations:october-swimmer       -100.00 USD
    assets:opencollective:hledger              86.80 USD = 1929.11 USD
    expenses:fees:STRIPE                        3.20 USD
    expenses:fees:open-source-collective       10.00 USD

2021-03-01 Monthly contribution from Michael Martinides (Individuals)  ; id:d291e330, group:6a63182c, payment-method:STRIPE, payment-type:CREDITCARD
    revenues:donations:michael-martinides       -2.00 USD
    assets:opencollective:hledger                1.42 USD = 1930.53 USD
    expenses:fees:STRIPE                         0.38 USD
    expenses:fees:open-source-collective         0.20 USD

2021-03-01 Monthly contribution from Gyula Weber (Individuals)  ; id:69d6daf7, group:c5267cff, payment-method:STRIPE, payment-type:CREDITCARD
    revenues:donations:gyula_weber             -5.00 USD
    assets:opencollective:hledger               4.00 USD = 1934.53 USD
    expenses:fees:STRIPE                        0.50 USD
    expenses:fees:open-source-collective        0.50 USD

2021-03-01 Monthly contribution from MSATC (Individuals)  ; id:075bedac, group:fd43c2a8, payment-method:STRIPE, payment-type:CREDITCARD
    revenues:donations:msatc                   -2.00 USD
    assets:opencollective:hledger               1.42 USD = 1935.95 USD
    expenses:fees:STRIPE                        0.38 USD
    expenses:fees:open-source-collective        0.20 USD

2021-03-01 Monthly contribution from Richard Kelly (Individuals)  ; id:8ca728be, group:8d618ba2, payment-method:STRIPE, payment-type:CREDITCARD
    revenues:donations:richard-kelly           -2.00 USD
    assets:opencollective:hledger               1.44 USD = 1937.39 USD
    expenses:fees:STRIPE                        0.36 USD
    expenses:fees:open-source-collective        0.20 USD

2021-03-01 Monthly contribution from Paulo Makdisse (Individuals)  ; id:fffd9f73, group:a9943ea4, payment-method:STRIPE, payment-type:CREDITCARD
    revenues:donations:paulo-makdisse          -2.00 USD
    assets:opencollective:hledger               1.42 USD = 1938.81 USD
    expenses:fees:STRIPE                        0.38 USD
    expenses:fees:open-source-collective        0.20 USD

2021-03-01 Monthly contribution from Writers Per Hour (Organisations)  ; id:457f3b9b, group:862555ef, payment-method:STRIPE, payment-type:CREDITCARD
    revenues:donations:writersperhour        -100.00 USD
    assets:opencollective:hledger              85.80 USD = 2024.61 USD
    expenses:fees:STRIPE                        4.20 USD
    expenses:fees:open-source-collective       10.00 USD

2021-03-01 Monthly contribution from HLO_APC (Individuals)  ; id:a707360f, group:66521df9, payment-method:STRIPE, payment-type:CREDITCARD
    revenues:donations:hlo_apc                 -2.00 USD
    assets:opencollective:hledger               1.44 USD = 2026.05 USD
    expenses:fees:STRIPE                        0.36 USD
    expenses:fees:open-source-collective        0.20 USD

2021-03-01 Monthly contribution from Jack Todaro (Individuals)  ; id:8743dfa4, group:5c4d6269, payment-method:STRIPE, payment-type:CREDITCARD
    revenues:donations:jack-todaro             -2.00 USD
    assets:opencollective:hledger               1.42 USD = 2027.47 USD
    expenses:fees:STRIPE                        0.38 USD
    expenses:fees:open-source-collective        0.20 USD

2021-03-01 Monthly contribution from Rishi Hyanki (Individuals)  ; id:e7c06099, group:4f1b2bc8, payment-method:STRIPE, payment-type:CREDITCARD
    revenues:donations:rhyanki                 -2.00 USD
    assets:opencollective:hledger               1.44 USD = 2028.91 USD
    expenses:fees:STRIPE                        0.36 USD
    expenses:fees:open-source-collective        0.20 USD

2021-03-01 Monthly contribution from Tony Xiao (Individuals)  ; id:3677d581, group:51732b9a, payment-method:STRIPE, payment-type:CREDITCARD
    revenues:donations:tony-xiao1             -10.00 USD
    assets:opencollective:hledger               8.41 USD = 2037.32 USD
    expenses:fees:STRIPE                        0.59 USD
    expenses:fees:open-source-collective        1.00 USD

2021-03-01 Monthly contribution from Brandon Barker (Individuals)  ; id:bad8dcbb, group:48804f06, payment-method:STRIPE, payment-type:CREDITCARD
    revenues:donations:brandonbarker           -2.00 USD
    assets:opencollective:hledger               1.44 USD = 2038.76 USD
    expenses:fees:STRIPE                        0.36 USD
    expenses:fees:open-source-collective        0.20 USD

2021-03-24 Monthly contribution from FinMasters (Organisations)  ; id:e99cf5d0, group:1befb390, payment-method:STRIPE, payment-type:CREDITCARD
    revenues:donations:finmasters            -100.00 USD
    assets:opencollective:hledger              85.80 USD = 2124.56 USD
    expenses:fees:STRIPE                        4.20 USD
    expenses:fees:open-source-collective       10.00 USD

2021-04-01 Monthly contribution from October Swimmer (Organisations)  ; id:23972a12, group:a64ceb2b, payment-method:STRIPE, payment-type:CREDITCARD
    revenues:donations:october-swimmer       -100.00 USD
    assets:opencollective:hledger              86.80 USD = 2211.36 USD
    expenses:fees:STRIPE                        3.20 USD
    expenses:fees:open-source-collective       10.00 USD

2021-04-01 Monthly contribution from Michael Martinides (Individuals)  ; id:9cca1033, group:ed39ec6b, payment-method:STRIPE, payment-type:CREDITCARD
    revenues:donations:michael-martinides       -2.00 USD
    assets:opencollective:hledger                1.42 USD = 2212.78 USD
    expenses:fees:STRIPE                         0.38 USD
    expenses:fees:open-source-collective         0.20 USD

2021-04-01 Monthly contribution from Gyula Weber (Individuals)  ; id:21d54081, group:2c4bb397, payment-method:STRIPE, payment-type:CREDITCARD
    revenues:donations:gyula_weber             -5.00 USD
    assets:opencollective:hledger               4.00 USD = 2216.78 USD
    expenses:fees:STRIPE                        0.50 USD
    expenses:fees:open-source-collective        0.50 USD

2021-04-01 Monthly contribution from MSATC (Individuals)  ; id:539dfa44, group:cbb0c526, payment-method:STRIPE, payment-type:CREDITCARD
    revenues:donations:msatc                   -2.00 USD
    assets:opencollective:hledger               1.42 USD = 2218.2 USD
    expenses:fees:STRIPE                        0.38 USD
    expenses:fees:open-source-collective        0.20 USD

2021-04-01 Monthly contribution from Richard Kelly (Individuals)  ; id:21d22dd7, group:07879eb9, payment-method:STRIPE, payment-type:CREDITCARD
    revenues:donations:richard-kelly           -2.00 USD
    assets:opencollective:hledger               1.44 USD = 2219.64 USD
    expenses:fees:STRIPE                        0.36 USD
    expenses:fees:open-source-collective        0.20 USD

2021-04-01 Monthly contribution from Anselm Peischl (Individuals)  ; id:233c94a2, group:1c3eb821, payment-method:STRIPE, payment-type:CREDITCARD
    revenues:donations:anselm-peischl          -5.00 USD
    assets:opencollective:hledger               4.00 USD = 2223.64 USD
    expenses:fees:STRIPE                        0.50 USD
    expenses:fees:open-source-collective        0.50 USD

2021-04-01 Monthly contribution from Jack Todaro (Individuals)  ; id:1d52be60, group:f2684a77, payment-method:STRIPE, payment-type:CREDITCARD
    revenues:donations:jack-todaro             -2.00 USD
    assets:opencollective:hledger               1.42 USD = 2225.06 USD
    expenses:fees:STRIPE                        0.38 USD
    expenses:fees:open-source-collective        0.20 USD

2021-04-01 Monthly contribution from Rishi Hyanki (Individuals)  ; id:e238c60c, group:47cbb290, payment-method:STRIPE, payment-type:CREDITCARD
    revenues:donations:rhyanki                 -2.00 USD
    assets:opencollective:hledger               1.44 USD = 2226.5 USD
    expenses:fees:STRIPE                        0.36 USD
    expenses:fees:open-source-collective        0.20 USD

2021-04-01 Monthly contribution from Tony Xiao (Individuals)  ; id:73d903cd, group:c1605666, payment-method:STRIPE, payment-type:CREDITCARD
    revenues:donations:tony-xiao1             -10.00 USD
    assets:opencollective:hledger               8.41 USD = 2234.91 USD
    expenses:fees:STRIPE                        0.59 USD
    expenses:fees:open-source-collective        1.00 USD

2021-04-01 Monthly contribution from Brandon Barker (Individuals)  ; id:c0e93168, group:36149478, payment-method:STRIPE, payment-type:CREDITCARD
    revenues:donations:brandonbarker           -2.00 USD
    assets:opencollective:hledger               1.44 USD = 2236.35 USD
    expenses:fees:STRIPE                        0.36 USD
    expenses:fees:open-source-collective        0.20 USD

2021-04-01 Monthly contribution from HLO_APC (Individuals)  ; id:1d47f33b, group:ff5815f2, payment-method:STRIPE, payment-type:CREDITCARD
    revenues:donations:hlo_apc                 -2.00 USD
    assets:opencollective:hledger               1.44 USD = 2237.79 USD
    expenses:fees:STRIPE                        0.36 USD
    expenses:fees:open-source-collective        0.20 USD

2021-04-02 Monthly contribution from Paulo Makdisse (Individuals)  ; id:d45818b7, group:1b663e64, payment-method:STRIPE, payment-type:CREDITCARD
    revenues:donations:paulo-makdisse          -2.00 USD
    assets:opencollective:hledger               1.42 USD = 2239.21 USD
    expenses:fees:STRIPE                        0.38 USD
    expenses:fees:open-source-collective        0.20 USD

2021-04-03 Monthly contribution from Writers Per Hour (Organisations)  ; id:acc49123, group:2acc540e, payment-method:STRIPE, payment-type:CREDITCARD
    revenues:donations:writersperhour        -100.00 USD
    assets:opencollective:hledger              85.80 USD = 2325.01 USD
    expenses:fees:STRIPE                        4.20 USD
    expenses:fees:open-source-collective       10.00 USD

2021-04-20 Monthly contribution from James Blachly (Individuals)  ; id:cee6911d, group:ace1a042, payment-method:STRIPE, payment-type:CREDITCARD
    revenues:donations:james-blachly           -2.00 USD
    assets:opencollective:hledger               1.44 USD = 2326.45 USD
    expenses:fees:STRIPE                        0.36 USD
    expenses:fees:open-source-collective        0.20 USD

2021-05-01 Monthly contribution from October Swimmer (Organisations)  ; id:46974380, group:8aa606bd, payment-method:STRIPE, payment-type:CREDITCARD
    revenues:donations:october-swimmer       -100.00 USD
    assets:opencollective:hledger              86.80 USD = 2413.25 USD
    expenses:fees:STRIPE                        3.20 USD
    expenses:fees:open-source-collective       10.00 USD

2021-05-01 Monthly contribution from Michael Martinides (Individuals)  ; id:23a2ff26, group:c3f42e7b, payment-method:STRIPE, payment-type:CREDITCARD
    revenues:donations:michael-martinides       -2.00 USD
    assets:opencollective:hledger                1.42 USD = 2414.67 USD
    expenses:fees:STRIPE                         0.38 USD
    expenses:fees:open-source-collective         0.20 USD

2021-05-01 Monthly contribution from Gyula Weber (Individuals)  ; id:4a8b9485, group:7f9d5e25, payment-method:STRIPE, payment-type:CREDITCARD
    revenues:donations:gyula_weber             -5.00 USD
    assets:opencollective:hledger               4.00 USD = 2418.67 USD
    expenses:fees:STRIPE                        0.50 USD
    expenses:fees:open-source-collective        0.50 USD

2021-05-01 Monthly contribution from MSATC (Individuals)  ; id:44d91a8e, group:1abb6981, payment-method:STRIPE, payment-type:CREDITCARD
    revenues:donations:msatc                   -2.00 USD
    assets:opencollective:hledger               1.42 USD = 2420.09 USD
    expenses:fees:STRIPE                        0.38 USD
    expenses:fees:open-source-collective        0.20 USD

2021-05-01 Monthly contribution from Richard Kelly (Individuals)  ; id:c27a5d02, group:f34e39ea, payment-method:STRIPE, payment-type:CREDITCARD
    revenues:donations:richard-kelly           -2.00 USD
    assets:opencollective:hledger               1.44 USD = 2421.53 USD
    expenses:fees:STRIPE                        0.36 USD
    expenses:fees:open-source-collective        0.20 USD

2021-05-01 Monthly contribution from Jack Todaro (Individuals)  ; id:e891fed8, group:8ccba4b2, payment-method:STRIPE, payment-type:CREDITCARD
    revenues:donations:jack-todaro             -2.00 USD
    assets:opencollective:hledger               1.42 USD = 2422.95 USD
    expenses:fees:STRIPE                        0.38 USD
    expenses:fees:open-source-collective        0.20 USD

2021-05-01 Monthly contribution from Rishi Hyanki (Individuals)  ; id:ec92888a, group:126e26bd, payment-method:STRIPE, payment-type:CREDITCARD
    revenues:donations:rhyanki                 -2.00 USD
    assets:opencollective:hledger               1.44 USD = 2424.39 USD
    expenses:fees:STRIPE                        0.36 USD
    expenses:fees:open-source-collective        0.20 USD

2021-05-01 Monthly contribution from Tony Xiao (Individuals)  ; id:4b911cad, group:9a59172a, payment-method:STRIPE, payment-type:CREDITCARD
    revenues:donations:tony-xiao1             -10.00 USD
    assets:opencollective:hledger               8.41 USD = 2432.8 USD
    expenses:fees:STRIPE                        0.59 USD
    expenses:fees:open-source-collective        1.00 USD

2021-05-01 Monthly contribution from Brandon Barker (Individuals)  ; id:568ef47b, group:0e6430f1, payment-method:STRIPE, payment-type:CREDITCARD
    revenues:donations:brandonbarker           -2.00 USD
    assets:opencollective:hledger               1.44 USD = 2434.24 USD
    expenses:fees:STRIPE                        0.36 USD
    expenses:fees:open-source-collective        0.20 USD

2021-05-01 Monthly contribution from FinMasters (Organisations)  ; id:9310c0bd, group:f43effc5, payment-method:STRIPE, payment-type:CREDITCARD
    revenues:donations:finmasters            -100.00 USD
    assets:opencollective:hledger              85.80 USD = 2520.04 USD
    expenses:fees:STRIPE                        4.20 USD
    expenses:fees:open-source-collective       10.00 USD

2021-05-01 Monthly contribution from HLO_APC (Individuals)  ; id:63ccf441, group:e45ad494, payment-method:STRIPE, payment-type:CREDITCARD
    revenues:donations:hlo_apc                 -2.00 USD
    assets:opencollective:hledger               1.44 USD = 2521.48 USD
    expenses:fees:STRIPE                        0.36 USD
    expenses:fees:open-source-collective        0.20 USD

2021-05-02 Monthly contribution from Paulo Makdisse (Individuals)  ; id:f3ba40d3, group:286ce274, payment-method:STRIPE, payment-type:CREDITCARD
    revenues:donations:paulo-makdisse          -2.00 USD
    assets:opencollective:hledger               1.42 USD = 2522.9 USD
    expenses:fees:STRIPE                        0.38 USD
    expenses:fees:open-source-collective        0.20 USD

2021-05-03 Monthly contribution from Writers Per Hour (Organisations)  ; id:65371663, group:c95d90c8, payment-method:STRIPE, payment-type:CREDITCARD
    revenues:donations:writersperhour        -100.00 USD
    assets:opencollective:hledger              85.80 USD = 2608.7 USD
    expenses:fees:STRIPE                        4.20 USD
    expenses:fees:open-source-collective       10.00 USD

2021-05-20 Monthly contribution from APM Help (Organisations)  ; id:b9c6aa71, group:f4876a1c, payment-method:PAYPAL, payment-type:SUBSCRIPTION
    revenues:donations:apmhelp               -100.00 USD
    assets:opencollective:hledger              86.80 USD = 2695.5 USD
    expenses:fees:PAYPAL                        3.20 USD
    expenses:fees:open-source-collective       10.00 USD

2021-06-01 Host Fee to Open Source Collective  ; id:95a61220, group:6b474b38
    expenses:fees:open-source-collective       10.00 USD
    assets:opencollective:hledger             -10.00 USD

2021-06-01 Monthly contribution from October Swimmer (Organisations)  ; id:65365e36, group:6b474b38, payment-method:STRIPE, payment-type:CREDITCARD
    revenues:donations:october-swimmer     -100.00 USD
    assets:opencollective:hledger            96.80 USD
    expenses:fees:STRIPE                      3.20 USD

2021-06-01 Host Fee to Open Source Collective  ; id:a476761b, group:e1db93c4
    expenses:fees:open-source-collective        0.20 USD
    assets:opencollective:hledger              -0.20 USD

2021-06-01 Monthly contribution from Michael Martinides (Individuals)  ; id:09982b44, group:e1db93c4, payment-method:STRIPE, payment-type:CREDITCARD
    revenues:donations:michael-martinides       -2.00 USD
    assets:opencollective:hledger                1.62 USD
    expenses:fees:STRIPE                         0.38 USD

2021-06-01 Host Fee to Open Source Collective  ; id:46cc0d2f, group:88e1b86f
    expenses:fees:open-source-collective        0.50 USD
    assets:opencollective:hledger              -0.50 USD

2021-06-01 Monthly contribution from Gyula Weber (Individuals)  ; id:a790dc44, group:88e1b86f, payment-method:STRIPE, payment-type:CREDITCARD
    revenues:donations:gyula_weber       -5.00 USD
    assets:opencollective:hledger         4.50 USD
    expenses:fees:STRIPE                  0.50 USD

2021-06-01 Host Fee to Open Source Collective  ; id:104a16db, group:1c962095
    expenses:fees:open-source-collective        0.20 USD
    assets:opencollective:hledger              -0.20 USD

2021-06-01 Monthly contribution from MSATC (Individuals)  ; id:e7090aae, group:1c962095, payment-method:STRIPE, payment-type:CREDITCARD
    revenues:donations:msatc            -2.00 USD
    assets:opencollective:hledger        1.62 USD
    expenses:fees:STRIPE                 0.38 USD

2021-06-01 Host Fee to Open Source Collective  ; id:b2a94f84, group:504b03e5
    expenses:fees:open-source-collective        0.20 USD
    assets:opencollective:hledger              -0.20 USD

2021-06-01 Monthly contribution from Richard Kelly (Individuals)  ; id:b2399c46, group:504b03e5, payment-method:STRIPE, payment-type:CREDITCARD
    revenues:donations:richard-kelly       -2.00 USD
    assets:opencollective:hledger           1.64 USD
    expenses:fees:STRIPE                    0.36 USD

2021-06-01 Host Fee to Open Source Collective  ; id:f460a29b, group:9d92f9b3
    expenses:fees:open-source-collective        0.20 USD
    assets:opencollective:hledger              -0.20 USD

2021-06-01 Monthly contribution from Jack Todaro (Individuals)  ; id:cfddb8b5, group:9d92f9b3, payment-method:STRIPE, payment-type:CREDITCARD
    revenues:donations:jack-todaro       -2.00 USD
    assets:opencollective:hledger         1.62 USD
    expenses:fees:STRIPE                  0.38 USD

2021-06-01 Host Fee to Open Source Collective  ; id:2f37c787, group:862ccc34
    expenses:fees:open-source-collective        0.20 USD
    assets:opencollective:hledger              -0.20 USD

2021-06-01 Monthly contribution from Rishi Hyanki (Individuals)  ; id:351d94c1, group:862ccc34, payment-method:STRIPE, payment-type:CREDITCARD
    revenues:donations:rhyanki          -2.00 USD
    assets:opencollective:hledger        1.64 USD
    expenses:fees:STRIPE                 0.36 USD

2021-06-01 Host Fee to Open Source Collective  ; id:13060203, group:2dcdbd08
    expenses:fees:open-source-collective        1.00 USD
    assets:opencollective:hledger              -1.00 USD

2021-06-01 Monthly contribution from Tony Xiao (Individuals)  ; id:b827d4e6, group:2dcdbd08, payment-method:STRIPE, payment-type:CREDITCARD
    revenues:donations:tony-xiao1      -10.00 USD
    assets:opencollective:hledger        9.41 USD
    expenses:fees:STRIPE                 0.59 USD

2021-06-01 Host Fee to Open Source Collective  ; id:52a6910c, group:3d5e7b12
    expenses:fees:open-source-collective        0.20 USD
    assets:opencollective:hledger              -0.20 USD

2021-06-01 Monthly contribution from Brandon Barker (Individuals)  ; id:4bec87ad, group:3d5e7b12, payment-method:STRIPE, payment-type:CREDITCARD
    revenues:donations:brandonbarker       -2.00 USD
    assets:opencollective:hledger           1.64 USD
    expenses:fees:STRIPE                    0.36 USD

2021-06-01 Host Fee to Open Source Collective  ; id:9fe74364, group:051546e3
    expenses:fees:open-source-collective       10.00 USD
    assets:opencollective:hledger             -10.00 USD

2021-06-01 Monthly contribution from FinMasters (Organisations)  ; id:723b7a58, group:051546e3, payment-method:STRIPE, payment-type:CREDITCARD
    revenues:donations:finmasters     -100.00 USD
    assets:opencollective:hledger       95.80 USD
    expenses:fees:STRIPE                 4.20 USD

2021-06-01 Host Fee to Open Source Collective  ; id:7a7e15d5, group:8464e7e7
    expenses:fees:open-source-collective        0.20 USD
    assets:opencollective:hledger              -0.20 USD

2021-06-01 Monthly contribution from HLO_APC (Individuals)  ; id:8c736b30, group:8464e7e7, payment-method:STRIPE, payment-type:CREDITCARD
    revenues:donations:hlo_apc          -2.00 USD
    assets:opencollective:hledger        1.64 USD
    expenses:fees:STRIPE                 0.36 USD

2021-06-02 Host Fee to Open Source Collective  ; id:9f702526, group:551d9e1c
    expenses:fees:open-source-collective        0.20 USD
    assets:opencollective:hledger              -0.20 USD

2021-06-02 Monthly contribution from Paulo Makdisse (Individuals)  ; id:40c330d7, group:551d9e1c, payment-method:STRIPE, payment-type:CREDITCARD
    revenues:donations:paulo-makdisse       -2.00 USD
    assets:opencollective:hledger            1.62 USD
    expenses:fees:STRIPE                     0.38 USD

2021-06-02 Host Fee to Open Source Collective  ; id:2415a9fe, group:85707a10
    expenses:fees:open-source-collective        0.20 USD
    assets:opencollective:hledger              -0.20 USD

2021-06-02 Monthly contribution from James Blachly (Individuals)  ; id:b9c856e3, group:85707a10, payment-method:STRIPE, payment-type:CREDITCARD
    revenues:donations:james-blachly       -2.00 USD
    assets:opencollective:hledger           1.64 USD
    expenses:fees:STRIPE                    0.36 USD

2021-06-02 Host Fee to Open Source Collective  ; id:367b4a7b, group:c96c6ce5
    expenses:fees:open-source-collective       10.00 USD
    assets:opencollective:hledger             -10.00 USD

2021-06-02 Monthly contribution from Writers Per Hour (Organisations)  ; id:dde354cb, group:c96c6ce5, payment-method:STRIPE, payment-type:CREDITCARD
    revenues:donations:writersperhour     -100.00 USD
    assets:opencollective:hledger           95.80 USD
    expenses:fees:STRIPE                     4.20 USD

2021-06-19 Host Fee to Open Source Collective  ; id:969a6061, group:547f2db2
    expenses:fees:open-source-collective       10.00 USD
    assets:opencollective:hledger             -10.00 USD

2021-06-19 Monthly contribution from APM Help (Organisations)  ; id:bd952fea, group:547f2db2, payment-method:PAYPAL, payment-type:SUBSCRIPTION
    revenues:donations:apmhelp        -100.00 USD
    assets:opencollective:hledger       96.80 USD
    expenses:fees:PAYPAL                 3.20 USD

2021-07-01 Host Fee to Open Source Collective  ; id:c44ce71c, group:b833fded
    expenses:fees:open-source-collective       10.00 USD
    assets:opencollective:hledger             -10.00 USD

2021-07-01 Monthly contribution from October Swimmer (Organisations)  ; id:0a7d3631, group:b833fded, payment-method:STRIPE, payment-type:CREDITCARD
    revenues:donations:october-swimmer     -100.00 USD
    assets:opencollective:hledger            96.80 USD
    expenses:fees:STRIPE                      3.20 USD

2021-07-01 Host Fee to Open Source Collective  ; id:51822cd8, group:c32f567b
    expenses:fees:open-source-collective        0.20 USD
    assets:opencollective:hledger              -0.20 USD

2021-07-01 Monthly contribution from Michael Martinides (Individuals)  ; id:e85c63a6, group:c32f567b, payment-method:STRIPE, payment-type:CREDITCARD
    revenues:donations:michael-martinides       -2.00 USD
    assets:opencollective:hledger                1.62 USD
    expenses:fees:STRIPE                         0.38 USD

2021-07-01 Host Fee to Open Source Collective  ; id:158fcfe6, group:1fb80f5c
    expenses:fees:open-source-collective        0.50 USD
    assets:opencollective:hledger              -0.50 USD

2021-07-01 Monthly contribution from Gyula Weber (Individuals)  ; id:ce547f2e, group:1fb80f5c, payment-method:STRIPE, payment-type:CREDITCARD
    revenues:donations:gyula_weber       -5.00 USD
    assets:opencollective:hledger         4.50 USD
    expenses:fees:STRIPE                  0.50 USD

2021-07-01 Host Fee to Open Source Collective  ; id:66bd32f3, group:73bf53ae
    expenses:fees:open-source-collective        0.20 USD
    assets:opencollective:hledger              -0.20 USD

2021-07-01 Monthly contribution from MSATC (Individuals)  ; id:d0de4200, group:73bf53ae, payment-method:STRIPE, payment-type:CREDITCARD
    revenues:donations:msatc            -2.00 USD
    assets:opencollective:hledger        1.62 USD
    expenses:fees:STRIPE                 0.38 USD

2021-07-01 Host Fee to Open Source Collective  ; id:a89f27eb, group:274aa94b
    expenses:fees:open-source-collective        0.20 USD
    assets:opencollective:hledger              -0.20 USD

2021-07-01 Monthly contribution from Richard Kelly (Individuals)  ; id:4b320fe8, group:274aa94b, payment-method:STRIPE, payment-type:CREDITCARD
    revenues:donations:richard-kelly       -2.00 USD
    assets:opencollective:hledger           1.64 USD
    expenses:fees:STRIPE                    0.36 USD

2021-07-02 Host Fee to Open Source Collective  ; id:b03297df, group:2f5f105b
    expenses:fees:open-source-collective        0.20 USD
    assets:opencollective:hledger              -0.20 USD

2021-07-02 Monthly contribution from Jack Todaro (Individuals)  ; id:3ce0fd59, group:2f5f105b, payment-method:STRIPE, payment-type:CREDITCARD
    revenues:donations:jack-todaro       -2.00 USD
    assets:opencollective:hledger         1.62 USD
    expenses:fees:STRIPE                  0.38 USD

2021-07-02 Host Fee to Open Source Collective  ; id:2e38d4f2, group:105daeb9
    expenses:fees:open-source-collective        0.20 USD
    assets:opencollective:hledger              -0.20 USD

2021-07-02 Monthly contribution from Rishi Hyanki (Individuals)  ; id:7079ad1f, group:105daeb9, payment-method:STRIPE, payment-type:CREDITCARD
    revenues:donations:rhyanki          -2.00 USD
    assets:opencollective:hledger        1.64 USD
    expenses:fees:STRIPE                 0.36 USD

2021-07-02 Host Fee to Open Source Collective  ; id:d69999cb, group:74b77e55
    expenses:fees:open-source-collective        1.00 USD
    assets:opencollective:hledger              -1.00 USD

2021-07-02 Monthly contribution from Tony Xiao (Individuals)  ; id:4e6bc1a1, group:74b77e55, payment-method:STRIPE, payment-type:CREDITCARD
    revenues:donations:tony-xiao1      -10.00 USD
    assets:opencollective:hledger        9.41 USD
    expenses:fees:STRIPE                 0.59 USD

2021-07-02 Host Fee to Open Source Collective  ; id:a29b80eb, group:930de735
    expenses:fees:open-source-collective        0.20 USD
    assets:opencollective:hledger              -0.20 USD

2021-07-02 Monthly contribution from Brandon Barker (Individuals)  ; id:526520c1, group:930de735, payment-method:STRIPE, payment-type:CREDITCARD
    revenues:donations:brandonbarker       -2.00 USD
    assets:opencollective:hledger           1.64 USD
    expenses:fees:STRIPE                    0.36 USD

2021-07-02 Host Fee to Open Source Collective  ; id:d80821bc, group:a3c07216
    expenses:fees:open-source-collective       10.00 USD
    assets:opencollective:hledger             -10.00 USD

2021-07-02 Monthly contribution from FinMasters (Organisations)  ; id:ef381a13, group:a3c07216, payment-method:STRIPE, payment-type:CREDITCARD
    revenues:donations:finmasters     -100.00 USD
    assets:opencollective:hledger       95.80 USD
    expenses:fees:STRIPE                 4.20 USD

2021-07-02 Host Fee to Open Source Collective  ; id:444f0f39, group:9ba2db13
    expenses:fees:open-source-collective        0.20 USD
    assets:opencollective:hledger              -0.20 USD

2021-07-02 Monthly contribution from HLO_APC (Individuals)  ; id:664726a9, group:9ba2db13, payment-method:STRIPE, payment-type:CREDITCARD
    revenues:donations:hlo_apc          -2.00 USD
    assets:opencollective:hledger        1.64 USD
    expenses:fees:STRIPE                 0.36 USD

2021-07-02 Host Fee to Open Source Collective  ; id:78ec8c9b, group:5780056c
    expenses:fees:open-source-collective        0.20 USD
    assets:opencollective:hledger              -0.20 USD

2021-07-02 Monthly contribution from James Blachly (Individuals)  ; id:bcaf6143, group:5780056c, payment-method:STRIPE, payment-type:CREDITCARD
    revenues:donations:james-blachly       -2.00 USD
    assets:opencollective:hledger           1.64 USD
    expenses:fees:STRIPE                    0.36 USD

2021-07-02 Host Fee to Open Source Collective  ; id:e4ac8979, group:5ad2b8ba
    expenses:fees:open-source-collective       10.00 USD
    assets:opencollective:hledger             -10.00 USD

2021-07-02 Monthly contribution from Writers Per Hour (Organisations)  ; id:5bd42b35, group:5ad2b8ba, payment-method:STRIPE, payment-type:CREDITCARD
    revenues:donations:writersperhour     -100.00 USD
    assets:opencollective:hledger           95.80 USD
    expenses:fees:STRIPE                     4.20 USD

2021-07-06 Host Fee to Open Source Collective  ; id:6b4e5bd6, group:7a4fd62b
    expenses:fees:open-source-collective        0.20 USD
    assets:opencollective:hledger              -0.20 USD

2021-07-06 Monthly contribution from Paulo Makdisse (Individuals)  ; id:5d741065, group:7a4fd62b, payment-method:STRIPE, payment-type:CREDITCARD
    revenues:donations:paulo-makdisse       -2.00 USD
    assets:opencollective:hledger            1.62 USD
    expenses:fees:STRIPE                     0.38 USD

2021-07-14 Expense from Simon Michael - claiming regression bounty for #1597 (first expense / test)  ; id:60a5a450, group:4c3854d4, payment-method:, payment-type:
    expenses:bounties-etc:simon           50.00 USD
    assets:opencollective:hledger        -50.25 USD
    expenses:fees:unknown-processor        0.25 USD

2021-07-19 Host Fee to Open Source Collective  ; id:fed2ac9d, group:f4534172
    expenses:fees:open-source-collective       10.00 USD
    assets:opencollective:hledger             -10.00 USD

2021-07-19 Monthly contribution from APM Help (Organisations)  ; id:14b6e0ac, group:f4534172, payment-method:PAYPAL, payment-type:SUBSCRIPTION
    revenues:donations:apmhelp        -100.00 USD
    assets:opencollective:hledger       96.80 USD
    expenses:fees:PAYPAL                 3.20 USD

2021-07-19 Expense from Simon Michael - regression bounty  ; id:242ae183, group:eb8c86e6, payment-method:, payment-type:
    expenses:bounties-etc:simon          100.00 USD
    assets:opencollective:hledger       -100.25 USD
    expenses:fees:unknown-processor        0.25 USD

2021-08-01 Host Fee to Open Source Collective  ; id:2aa3dd2a, group:111c9a8f
    expenses:fees:open-source-collective       10.00 USD
    assets:opencollective:hledger             -10.00 USD

2021-08-01 Monthly contribution from October Swimmer (Organisations)  ; id:40c1e7ad, group:111c9a8f, payment-method:STRIPE, payment-type:CREDITCARD
    revenues:donations:october-swimmer     -100.00 USD
    assets:opencollective:hledger            96.80 USD
    expenses:fees:STRIPE                      3.20 USD

2021-08-01 Host Fee to Open Source Collective  ; id:04a2555e, group:20e753c8
    expenses:fees:open-source-collective        0.20 USD
    assets:opencollective:hledger              -0.20 USD

2021-08-01 Monthly contribution from Michael Martinides (Individuals)  ; id:3e95de84, group:20e753c8, payment-method:STRIPE, payment-type:CREDITCARD
    revenues:donations:michael-martinides       -2.00 USD
    assets:opencollective:hledger                1.62 USD
    expenses:fees:STRIPE                         0.38 USD

2021-08-01 Host Fee to Open Source Collective  ; id:efde471a, group:46acd97f
    expenses:fees:open-source-collective        0.50 USD
    assets:opencollective:hledger              -0.50 USD

2021-08-01 Monthly contribution from Gyula Weber (Individuals)  ; id:731d0369, group:46acd97f, payment-method:STRIPE, payment-type:CREDITCARD
    revenues:donations:gyula_weber       -5.00 USD
    assets:opencollective:hledger         4.50 USD
    expenses:fees:STRIPE                  0.50 USD

2021-08-01 Host Fee to Open Source Collective  ; id:84ad2db4, group:0caebdc4
    expenses:fees:open-source-collective        0.20 USD
    assets:opencollective:hledger              -0.20 USD

2021-08-01 Monthly contribution from MSATC (Individuals)  ; id:12f2e8e3, group:0caebdc4, payment-method:STRIPE, payment-type:CREDITCARD
    revenues:donations:msatc            -2.00 USD
    assets:opencollective:hledger        1.62 USD
    expenses:fees:STRIPE                 0.38 USD

2021-08-01 Host Fee to Open Source Collective  ; id:4476a01e, group:96cd6e75
    expenses:fees:open-source-collective        0.20 USD
    assets:opencollective:hledger              -0.20 USD

2021-08-01 Monthly contribution from Richard Kelly (Individuals)  ; id:9a4203dc, group:96cd6e75, payment-method:STRIPE, payment-type:CREDITCARD
    revenues:donations:richard-kelly       -2.00 USD
    assets:opencollective:hledger           1.64 USD
    expenses:fees:STRIPE                    0.36 USD

2021-08-01 Host Fee to Open Source Collective  ; id:199ab737, group:eacebc09
    expenses:fees:open-source-collective        0.20 USD
    assets:opencollective:hledger              -0.20 USD

2021-08-01 Monthly contribution from Jack Todaro (Individuals)  ; id:fb392a0f, group:eacebc09, payment-method:STRIPE, payment-type:CREDITCARD
    revenues:donations:jack-todaro       -2.00 USD
    assets:opencollective:hledger         1.62 USD
    expenses:fees:STRIPE                  0.38 USD

2021-08-01 Host Fee to Open Source Collective  ; id:92541a4f, group:89e7b803
    expenses:fees:open-source-collective        0.20 USD
    assets:opencollective:hledger              -0.20 USD

2021-08-01 Monthly contribution from Rishi Hyanki (Individuals)  ; id:e88bdbd1, group:89e7b803, payment-method:STRIPE, payment-type:CREDITCARD
    revenues:donations:rhyanki          -2.00 USD
    assets:opencollective:hledger        1.64 USD
    expenses:fees:STRIPE                 0.36 USD

2021-08-01 Host Fee to Open Source Collective  ; id:4529efe0, group:f559f149
    expenses:fees:open-source-collective        1.00 USD
    assets:opencollective:hledger              -1.00 USD

2021-08-01 Monthly contribution from Tony Xiao (Individuals)  ; id:95676735, group:f559f149, payment-method:STRIPE, payment-type:CREDITCARD
    revenues:donations:tony-xiao1      -10.00 USD
    assets:opencollective:hledger        9.41 USD
    expenses:fees:STRIPE                 0.59 USD

2021-08-01 Host Fee to Open Source Collective  ; id:d2a2db51, group:637426fc
    expenses:fees:open-source-collective        0.20 USD
    assets:opencollective:hledger              -0.20 USD

2021-08-01 Monthly contribution from Brandon Barker (Individuals)  ; id:3e6fe0ba, group:637426fc, payment-method:STRIPE, payment-type:CREDITCARD
    revenues:donations:brandonbarker       -2.00 USD
    assets:opencollective:hledger           1.64 USD
    expenses:fees:STRIPE                    0.36 USD

2021-08-01 Host Fee to Open Source Collective  ; id:1e3b3ee6, group:f5318d30
    expenses:fees:open-source-collective       10.00 USD
    assets:opencollective:hledger             -10.00 USD

2021-08-01 Monthly contribution from FinMasters (Organisations)  ; id:a68e5aad, group:f5318d30, payment-method:STRIPE, payment-type:CREDITCARD
    revenues:donations:finmasters     -100.00 USD
    assets:opencollective:hledger       95.80 USD
    expenses:fees:STRIPE                 4.20 USD

2021-08-01 Host Fee to Open Source Collective  ; id:98cd1b21, group:634f62dc
    expenses:fees:open-source-collective        0.20 USD
    assets:opencollective:hledger              -0.20 USD

2021-08-01 Monthly contribution from HLO_APC (Individuals)  ; id:de96bf9b, group:634f62dc, payment-method:STRIPE, payment-type:CREDITCARD
    revenues:donations:hlo_apc          -2.00 USD
    assets:opencollective:hledger        1.64 USD
    expenses:fees:STRIPE                 0.36 USD

2021-08-01 Host Fee to Open Source Collective  ; id:da1e9929, group:70a1af58
    expenses:fees:open-source-collective        0.20 USD
    assets:opencollective:hledger              -0.20 USD

2021-08-01 Monthly contribution from Paulo Makdisse (Individuals)  ; id:5ebddaac, group:70a1af58, payment-method:STRIPE, payment-type:CREDITCARD
    revenues:donations:paulo-makdisse       -2.00 USD
    assets:opencollective:hledger            1.62 USD
    expenses:fees:STRIPE                     0.38 USD

2021-08-01 Host Fee to Open Source Collective  ; id:66eaf7a9, group:84e75238
    expenses:fees:open-source-collective        0.20 USD
    assets:opencollective:hledger              -0.20 USD

2021-08-01 Monthly contribution from James Blachly (Individuals)  ; id:2ffc9271, group:84e75238, payment-method:STRIPE, payment-type:CREDITCARD
    revenues:donations:james-blachly       -2.00 USD
    assets:opencollective:hledger           1.64 USD
    expenses:fees:STRIPE                    0.36 USD

2021-08-01 Host Fee to Open Source Collective  ; id:47b6d072, group:59f5879c
    expenses:fees:open-source-collective       10.00 USD
    assets:opencollective:hledger             -10.00 USD

2021-08-01 Monthly contribution from Writers Per Hour (Organisations)  ; id:d88c18dd, group:59f5879c, payment-method:STRIPE, payment-type:CREDITCARD
    revenues:donations:writersperhour     -100.00 USD
    assets:opencollective:hledger           95.80 USD
    expenses:fees:STRIPE                     4.20 USD

2021-08-02 Expense from Julian Andres Klode - regression bounty  ; id:9130ab30, group:36f56b4c, payment-method:, payment-type:
    expenses:bounties-etc:julian-andres-klode      100.00 USD
    assets:opencollective:hledger                 -100.76 USD
    expenses:fees:unknown-processor                  0.76 USD

2021-08-05 Host Fee to Open Source Collective  ; id:29f0a126, group:9d8c0c88
    expenses:fees:open-source-collective        0.20 USD
    assets:opencollective:hledger              -0.20 USD

2021-08-05 Monthly contribution from Brandon J Wong (Individuals)  ; id:286a2206, group:9d8c0c88, payment-method:, payment-type:
    revenues:donations:brandon-j-wong       -2.00 USD
    assets:opencollective:hledger            1.62 USD
    expenses:fees:unknown-processor          0.38 USD

2021-08-06 Expense from Yann Bchau - regression bounty  ; id:835ee4ff, group:58c4bb8d, payment-method:, payment-type:
    expenses:bounties-etc:yann-buechau      100.00 USD
    assets:opencollective:hledger          -102.00 USD
    expenses:fees:unknown-processor           2.00 USD

2021-08-14 Host Fee to Open Source Collective  ; id:abd76595, group:42af33cc
    expenses:fees:open-source-collective        0.50 USD
    assets:opencollective:hledger              -0.50 USD

2021-08-14 Contribution from Michael Manganiello  ; id:f3226d24, group:42af33cc, payment-method:PAYPAL, payment-type:PAYMENT
    revenues:donations:guest-c173624c       -5.00 USD
    assets:opencollective:hledger            4.26 USD
    expenses:fees:PAYPAL                     0.74 USD

2021-08-19 Host Fee to Open Source Collective  ; id:19341b27, group:e9afaa3a
    expenses:fees:open-source-collective       10.00 USD
    assets:opencollective:hledger             -10.00 USD

2021-08-19 Monthly contribution from APM Help (Organisations)  ; id:16950498, group:e9afaa3a, payment-method:PAYPAL, payment-type:SUBSCRIPTION
    revenues:donations:apmhelp        -100.00 USD
    assets:opencollective:hledger       96.02 USD
    expenses:fees:PAYPAL                 3.98 USD

2021-08-23 Host Fee to Open Source Collective  ; id:d49a0d19, group:18458059
    expenses:fees:open-source-collective        1.00 USD
    assets:opencollective:hledger              -1.00 USD

2021-08-23 Contribution from Yann Bchau  ; id:b5de006b, group:18458059, payment-method:PAYPAL, payment-type:PAYMENT
    revenues:donations:yann-buechau      -10.00 USD
    assets:opencollective:hledger          9.01 USD
    expenses:fees:PAYPAL                   0.99 USD

2021-08-26 Expense from Stephen Morgan - Collecting bounty on #1412  ; id:b8bc86e5, group:f59a6253, payment-method:, payment-type:
    expenses:bounties-etc:stephen-morgan       10.00 USD
    assets:opencollective:hledger             -10.44 USD
    expenses:fees:unknown-processor             0.44 USD

2021-08-26 Expense from Stephen Morgan - regression bounty  ; id:dc121057, group:8d140f93, payment-method:, payment-type:
    expenses:bounties-etc:stephen-morgan      100.00 USD
    assets:opencollective:hledger            -100.84 USD
    expenses:fees:unknown-processor             0.84 USD

2021-09-01 Host Fee to Open Source Collective  ; id:3f5c489d, group:dbf98dce
    expenses:fees:open-source-collective       10.00 USD
    assets:opencollective:hledger             -10.00 USD

2021-09-01 Monthly contribution from October Swimmer (Organisations)  ; id:41cab4d6, group:dbf98dce, payment-method:STRIPE, payment-type:CREDITCARD
    revenues:donations:october-swimmer     -100.00 USD
    assets:opencollective:hledger            96.80 USD
    expenses:fees:STRIPE                      3.20 USD

2021-09-01 Host Fee to Open Source Collective  ; id:3e6ec6a0, group:dc0e01ce
    expenses:fees:open-source-collective        0.20 USD
    assets:opencollective:hledger              -0.20 USD

2021-09-01 Monthly contribution from Michael Martinides (Individuals)  ; id:d6aad227, group:dc0e01ce, payment-method:STRIPE, payment-type:CREDITCARD
    revenues:donations:michael-martinides       -2.00 USD
    assets:opencollective:hledger                1.62 USD
    expenses:fees:STRIPE                         0.38 USD

2021-09-01 Host Fee to Open Source Collective  ; id:dd272da8, group:dad97e71
    expenses:fees:open-source-collective        0.50 USD
    assets:opencollective:hledger              -0.50 USD

2021-09-01 Monthly contribution from Gyula Weber (Individuals)  ; id:a77673fe, group:dad97e71, payment-method:STRIPE, payment-type:CREDITCARD
    revenues:donations:gyula_weber       -5.00 USD
    assets:opencollective:hledger         4.50 USD
    expenses:fees:STRIPE                  0.50 USD

2021-09-01 Host Fee to Open Source Collective  ; id:f46f4e7a, group:316c0801
    expenses:fees:open-source-collective        0.20 USD
    assets:opencollective:hledger              -0.20 USD

2021-09-01 Monthly contribution from MSATC (Individuals)  ; id:70e64967, group:316c0801, payment-method:STRIPE, payment-type:CREDITCARD
    revenues:donations:msatc            -2.00 USD
    assets:opencollective:hledger        1.62 USD
    expenses:fees:STRIPE                 0.38 USD

2021-09-01 Host Fee to Open Source Collective  ; id:79c5a7c7, group:fd800116
    expenses:fees:open-source-collective        0.20 USD
    assets:opencollective:hledger              -0.20 USD

2021-09-01 Monthly contribution from Richard Kelly (Individuals)  ; id:aaa251b1, group:fd800116, payment-method:STRIPE, payment-type:CREDITCARD
    revenues:donations:richard-kelly       -2.00 USD
    assets:opencollective:hledger           1.64 USD
    expenses:fees:STRIPE                    0.36 USD

2021-09-01 Host Fee to Open Source Collective  ; id:7d2ac4ea, group:78bc2318
    expenses:fees:open-source-collective        0.20 USD
    assets:opencollective:hledger              -0.20 USD

2021-09-01 Monthly contribution from Jack Todaro (Individuals)  ; id:d0b92afa, group:78bc2318, payment-method:STRIPE, payment-type:CREDITCARD
    revenues:donations:jack-todaro       -2.00 USD
    assets:opencollective:hledger         1.62 USD
    expenses:fees:STRIPE                  0.38 USD

2021-09-01 Host Fee to Open Source Collective  ; id:08d37b00, group:5a651099
    expenses:fees:open-source-collective        0.20 USD
    assets:opencollective:hledger              -0.20 USD

2021-09-01 Monthly contribution from Rishi Hyanki (Individuals)  ; id:7383d28e, group:5a651099, payment-method:STRIPE, payment-type:CREDITCARD
    revenues:donations:rhyanki          -2.00 USD
    assets:opencollective:hledger        1.64 USD
    expenses:fees:STRIPE                 0.36 USD

2021-09-01 Host Fee to Open Source Collective  ; id:e0a7ee1c, group:294b8f06
    expenses:fees:open-source-collective        1.00 USD
    assets:opencollective:hledger              -1.00 USD

2021-09-01 Monthly contribution from Tony Xiao (Individuals)  ; id:d1fd1161, group:294b8f06, payment-method:STRIPE, payment-type:CREDITCARD
    revenues:donations:tony-xiao1      -10.00 USD
    assets:opencollective:hledger        9.41 USD
    expenses:fees:STRIPE                 0.59 USD

2021-09-01 Host Fee to Open Source Collective  ; id:07b5c7ea, group:30a1a8f0
    expenses:fees:open-source-collective        0.20 USD
    assets:opencollective:hledger              -0.20 USD

2021-09-01 Monthly contribution from Brandon Barker (Individuals)  ; id:1d3b7a39, group:30a1a8f0, payment-method:STRIPE, payment-type:CREDITCARD
    revenues:donations:brandonbarker       -2.00 USD
    assets:opencollective:hledger           1.64 USD
    expenses:fees:STRIPE                    0.36 USD

2021-09-01 Host Fee to Open Source Collective  ; id:47044af1, group:af4c57f3
    expenses:fees:open-source-collective       10.00 USD
    assets:opencollective:hledger             -10.00 USD

2021-09-01 Monthly contribution from FinMasters (Organisations)  ; id:05f4e4aa, group:af4c57f3, payment-method:STRIPE, payment-type:CREDITCARD
    revenues:donations:finmasters     -100.00 USD
    assets:opencollective:hledger       95.80 USD
    expenses:fees:STRIPE                 4.20 USD

2021-09-01 Host Fee to Open Source Collective  ; id:09f5636b, group:19e603e3
    expenses:fees:open-source-collective        0.20 USD
    assets:opencollective:hledger              -0.20 USD

2021-09-01 Monthly contribution from HLO_APC (Individuals)  ; id:565b6e27, group:19e603e3, payment-method:STRIPE, payment-type:CREDITCARD
    revenues:donations:hlo_apc          -2.00 USD
    assets:opencollective:hledger        1.64 USD
    expenses:fees:STRIPE                 0.36 USD

2021-09-01 Host Fee to Open Source Collective  ; id:6549c2ee, group:f1c772aa
    expenses:fees:open-source-collective        0.20 USD
    assets:opencollective:hledger              -0.20 USD

2021-09-01 Monthly contribution from Paulo Makdisse (Individuals)  ; id:c9e695d7, group:f1c772aa, payment-method:STRIPE, payment-type:CREDITCARD
    revenues:donations:paulo-makdisse       -2.00 USD
    assets:opencollective:hledger            1.62 USD
    expenses:fees:STRIPE                     0.38 USD

2021-09-01 Host Fee to Open Source Collective  ; id:6939f28c, group:69bbdc99
    expenses:fees:open-source-collective        0.20 USD
    assets:opencollective:hledger              -0.20 USD

2021-09-01 Monthly contribution from James Blachly (Individuals)  ; id:e9c3af2e, group:69bbdc99, payment-method:STRIPE, payment-type:CREDITCARD
    revenues:donations:james-blachly       -2.00 USD
    assets:opencollective:hledger           1.64 USD
    expenses:fees:STRIPE                    0.36 USD

2021-09-01 Host Fee to Open Source Collective  ; id:cdb7b815, group:4c53364f
    expenses:fees:open-source-collective       10.00 USD
    assets:opencollective:hledger             -10.00 USD

2021-09-01 Monthly contribution from Writers Per Hour (Organisations)  ; id:06ec69e2, group:4c53364f, payment-method:STRIPE, payment-type:CREDITCARD
    revenues:donations:writersperhour     -100.00 USD
    assets:opencollective:hledger           95.80 USD
    expenses:fees:STRIPE                     4.20 USD

2021-09-02 Host Fee to Open Source Collective  ; id:7aa77d3e, group:f8ac6bbe
    expenses:fees:open-source-collective        0.20 USD
    assets:opencollective:hledger              -0.20 USD

2021-09-02 Monthly contribution from Brandon J Wong (Individuals)  ; id:07ce11af, group:f8ac6bbe, payment-method:, payment-type:
    revenues:donations:brandon-j-wong       -2.00 USD
    assets:opencollective:hledger            1.62 USD
    expenses:fees:unknown-processor          0.38 USD

2021-09-04 Host Fee to Open Source Collective  ; id:dd9f83fd, group:8387d5d6
    expenses:fees:open-source-collective        5.00 USD
    assets:opencollective:hledger              -5.00 USD

2021-09-04 Contribution from David Heijkamp  ; id:a7c55828, group:8387d5d6, payment-method:STRIPE, payment-type:CREDITCARD
    revenues:donations:guest-f1fc70f8      -50.00 USD
    assets:opencollective:hledger           47.75 USD
    expenses:fees:STRIPE                     2.25 USD

2021-09-19 Host Fee to Open Source Collective  ; id:affa70d4, group:cd3da788
    expenses:fees:open-source-collective       10.00 USD
    assets:opencollective:hledger             -10.00 USD

2021-09-19 Monthly contribution from APM Help (Organisations)  ; id:10273771, group:cd3da788, payment-method:PAYPAL, payment-type:SUBSCRIPTION
    revenues:donations:apmhelp        -100.00 USD
    assets:opencollective:hledger       96.02 USD
    expenses:fees:PAYPAL                 3.98 USD

2021-10-01 Host Fee to Open Source Collective  ; id:c8cbaa2e, group:0421f701
    expenses:fees:open-source-collective       10.00 USD
    assets:opencollective:hledger             -10.00 USD

2021-10-01 Monthly contribution from October Swimmer (Organisations)  ; id:4132ee2f, group:0421f701, payment-method:STRIPE, payment-type:CREDITCARD
    revenues:donations:october-swimmer     -100.00 USD
    assets:opencollective:hledger            96.80 USD
    expenses:fees:STRIPE                      3.20 USD

2021-10-01 Host Fee to Open Source Collective  ; id:83b0a063, group:3204f6d5
    expenses:fees:open-source-collective        0.20 USD
    assets:opencollective:hledger              -0.20 USD

2021-10-01 Monthly contribution from Michael Martinides (Individuals)  ; id:aa0d0d0b, group:3204f6d5, payment-method:STRIPE, payment-type:CREDITCARD
    revenues:donations:michael-martinides       -2.00 USD
    assets:opencollective:hledger                1.62 USD
    expenses:fees:STRIPE                         0.38 USD

2021-10-01 Host Fee to Open Source Collective  ; id:18440605, group:3cc4fe6c
    expenses:fees:open-source-collective        0.50 USD
    assets:opencollective:hledger              -0.50 USD

2021-10-01 Monthly contribution from Gyula Weber (Individuals)  ; id:c82f81eb, group:3cc4fe6c, payment-method:STRIPE, payment-type:CREDITCARD
    revenues:donations:gyula_weber       -5.00 USD
    assets:opencollective:hledger         4.50 USD
    expenses:fees:STRIPE                  0.50 USD

2021-10-01 Host Fee to Open Source Collective  ; id:3d9f6877, group:8bfedc1f
    expenses:fees:open-source-collective        0.20 USD
    assets:opencollective:hledger              -0.20 USD

2021-10-01 Monthly contribution from MSATC (Individuals)  ; id:db0e15e5, group:8bfedc1f, payment-method:STRIPE, payment-type:CREDITCARD
    revenues:donations:msatc            -2.00 USD
    assets:opencollective:hledger        1.62 USD
    expenses:fees:STRIPE                 0.38 USD

2021-10-01 Host Fee to Open Source Collective  ; id:95442359, group:d1ca90ed
    expenses:fees:open-source-collective        0.20 USD
    assets:opencollective:hledger              -0.20 USD

2021-10-01 Monthly contribution from Richard Kelly (Individuals)  ; id:56a89a15, group:d1ca90ed, payment-method:STRIPE, payment-type:CREDITCARD
    revenues:donations:richard-kelly       -2.00 USD
    assets:opencollective:hledger           1.64 USD
    expenses:fees:STRIPE                    0.36 USD

2021-10-01 Host Fee to Open Source Collective  ; id:c0cd12c4, group:47394626
    expenses:fees:open-source-collective        0.20 USD
    assets:opencollective:hledger              -0.20 USD

2021-10-01 Monthly contribution from Jack Todaro (Individuals)  ; id:ae862b76, group:47394626, payment-method:STRIPE, payment-type:CREDITCARD
    revenues:donations:jack-todaro       -2.00 USD
    assets:opencollective:hledger         1.62 USD
    expenses:fees:STRIPE                  0.38 USD

2021-10-01 Host Fee to Open Source Collective  ; id:d88f06f6, group:fd5fbe1b
    expenses:fees:open-source-collective        0.20 USD
    assets:opencollective:hledger              -0.20 USD

2021-10-01 Monthly contribution from Rishi Hyanki (Individuals)  ; id:d3364e2d, group:fd5fbe1b, payment-method:STRIPE, payment-type:CREDITCARD
    revenues:donations:rhyanki          -2.00 USD
    assets:opencollective:hledger        1.64 USD
    expenses:fees:STRIPE                 0.36 USD

2021-10-01 Host Fee to Open Source Collective  ; id:dfd2e41c, group:a4d4f8a9
    expenses:fees:open-source-collective        1.00 USD
    assets:opencollective:hledger              -1.00 USD

2021-10-01 Monthly contribution from Tony Xiao (Individuals)  ; id:8f839f2d, group:a4d4f8a9, payment-method:STRIPE, payment-type:CREDITCARD
    revenues:donations:tony-xiao1      -10.00 USD
    assets:opencollective:hledger        9.41 USD
    expenses:fees:STRIPE                 0.59 USD

2021-10-01 Host Fee to Open Source Collective  ; id:78720157, group:81edfac8
    expenses:fees:open-source-collective        0.20 USD
    assets:opencollective:hledger              -0.20 USD

2021-10-01 Monthly contribution from Brandon Barker (Individuals)  ; id:234c69c5, group:81edfac8, payment-method:STRIPE, payment-type:CREDITCARD
    revenues:donations:brandonbarker       -2.00 USD
    assets:opencollective:hledger           1.64 USD
    expenses:fees:STRIPE                    0.36 USD

2021-10-01 Host Fee to Open Source Collective  ; id:a55b0d6b, group:49e62f3d
    expenses:fees:open-source-collective       10.00 USD
    assets:opencollective:hledger             -10.00 USD

2021-10-01 Monthly contribution from FinMasters (Organisations)  ; id:edb65773, group:49e62f3d, payment-method:STRIPE, payment-type:CREDITCARD
    revenues:donations:finmasters     -100.00 USD
    assets:opencollective:hledger       95.80 USD
    expenses:fees:STRIPE                 4.20 USD

2021-10-01 Host Fee to Open Source Collective  ; id:89de0e76, group:a01acc26
    expenses:fees:open-source-collective        0.20 USD
    assets:opencollective:hledger              -0.20 USD

2021-10-01 Monthly contribution from HLO_APC (Individuals)  ; id:4c6008aa, group:a01acc26, payment-method:STRIPE, payment-type:CREDITCARD
    revenues:donations:hlo_apc          -2.00 USD
    assets:opencollective:hledger        1.64 USD
    expenses:fees:STRIPE                 0.36 USD

2021-10-01 Host Fee to Open Source Collective  ; id:521618d8, group:4cc91dcf
    expenses:fees:open-source-collective        0.20 USD
    assets:opencollective:hledger              -0.20 USD

2021-10-01 Monthly contribution from Paulo Makdisse (Individuals)  ; id:fadf23fe, group:4cc91dcf, payment-method:STRIPE, payment-type:CREDITCARD
    revenues:donations:paulo-makdisse       -2.00 USD
    assets:opencollective:hledger            1.62 USD
    expenses:fees:STRIPE                     0.38 USD

2021-10-01 Host Fee to Open Source Collective  ; id:42724f57, group:f1598d5a
    expenses:fees:open-source-collective        0.20 USD
    assets:opencollective:hledger              -0.20 USD

2021-10-01 Monthly contribution from James Blachly (Individuals)  ; id:1362b4e8, group:f1598d5a, payment-method:STRIPE, payment-type:CREDITCARD
    revenues:donations:james-blachly       -2.00 USD
    assets:opencollective:hledger           1.64 USD
    expenses:fees:STRIPE                    0.36 USD

2021-10-01 Host Fee to Open Source Collective  ; id:6d4450e1, group:95f36f12
    expenses:fees:open-source-collective       10.00 USD
    assets:opencollective:hledger             -10.00 USD

2021-10-01 Monthly contribution from Writers Per Hour (Organisations)  ; id:78515ea4, group:95f36f12, payment-method:STRIPE, payment-type:CREDITCARD
    revenues:donations:writersperhour     -100.00 USD
    assets:opencollective:hledger           95.80 USD
    expenses:fees:STRIPE                     4.20 USD

2021-10-02 Host Fee to Open Source Collective  ; id:6213fd2f, group:d36cd41c
    expenses:fees:open-source-collective        0.20 USD
    assets:opencollective:hledger              -0.20 USD

2021-10-02 Monthly contribution from Brandon J Wong (Individuals)  ; id:7ad19f21, group:d36cd41c, payment-method:, payment-type:
    revenues:donations:brandon-j-wong       -2.00 USD
    assets:opencollective:hledger            1.62 USD
    expenses:fees:unknown-processor          0.38 USD

2021-10-08 Host Fee to Open Source Collective  ; id:7acb7d8f, group:d1930561
    expenses:fees:open-source-collective        0.20 USD
    assets:opencollective:hledger              -0.20 USD

2021-10-08 Monthly contribution from Real Targeted Traffic (Individuals)  ; id:177a30e4, group:d1930561, payment-method:PAYPAL, payment-type:SUBSCRIPTION
    revenues:donations:seo25-com        -2.00 USD
    assets:opencollective:hledger        1.41 USD
    expenses:fees:PAYPAL                 0.59 USD

2021-10-08 Host Fee to Open Source Collective  ; id:f78041c1, group:a1b8f4df
    expenses:fees:open-source-collective        0.20 USD
    assets:opencollective:hledger              -0.20 USD

2021-10-08 Monthly contribution from Targeted Organic Traffic (Individuals)  ; id:d86fc8b8, group:a1b8f4df, payment-method:PAYPAL, payment-type:SUBSCRIPTION
    revenues:donations:targeted-organic-traffic       -2.00 USD
    assets:opencollective:hledger                      1.41 USD
    expenses:fees:PAYPAL                               0.59 USD

2021-10-17 Expense from David D Lowe - Regression bounty  ; id:6af44341, group:7c563358, payment-method:, payment-type:
    expenses:bounties-etc:david-d-lowe      100.00 USD
    assets:opencollective:hledger          -100.87 USD
    expenses:fees:unknown-processor           0.87 USD

2021-10-19 Host Fee to Open Source Collective  ; id:fefd9264, group:131e7440
    expenses:fees:open-source-collective       10.00 USD
    assets:opencollective:hledger             -10.00 USD

2021-10-19 Monthly contribution from APM Help (Organisations)  ; id:1d93a1f5, group:131e7440, payment-method:PAYPAL, payment-type:SUBSCRIPTION
    revenues:donations:apmhelp        -100.00 USD
    assets:opencollective:hledger       96.02 USD
    expenses:fees:PAYPAL                 3.98 USD

2021-10-21 Host Fee to Open Source Collective  ; id:4d2a692b, group:ed52160b
    expenses:fees:open-source-collective        0.20 USD
    assets:opencollective:hledger              -0.20 USD

2021-10-21 Monthly contribution from ilmaiskierroksia.lv (Individuals)  ; id:b04ca9cd, group:ed52160b, payment-method:PAYPAL, payment-type:SUBSCRIPTION
    revenues:donations:ilmaiskierroksia-lv       -2.00 USD
    assets:opencollective:hledger                 1.41 USD
    expenses:fees:PAYPAL                          0.59 USD

2021-11-01 Host Fee to Open Source Collective  ; id:9d06cc6f, group:334f1a51
    expenses:fees:open-source-collective       10.00 USD
    assets:opencollective:hledger             -10.00 USD

2021-11-01 Monthly contribution from October Swimmer (Organisations)  ; id:c7d35ca5, group:334f1a51, payment-method:STRIPE, payment-type:CREDITCARD
    revenues:donations:october-swimmer     -100.00 USD
    assets:opencollective:hledger            96.80 USD
    expenses:fees:STRIPE                      3.20 USD

2021-11-01 Host Fee to Open Source Collective  ; id:131b6712, group:2b7de276
    expenses:fees:open-source-collective        0.20 USD
    assets:opencollective:hledger              -0.20 USD

2021-11-01 Monthly contribution from Michael Martinides (Individuals)  ; id:e09e2191, group:2b7de276, payment-method:STRIPE, payment-type:CREDITCARD
    revenues:donations:michael-martinides       -2.00 USD
    assets:opencollective:hledger                1.62 USD
    expenses:fees:STRIPE                         0.38 USD

2021-11-01 Host Fee to Open Source Collective  ; id:ac4c5c1f, group:ee490a5a
    expenses:fees:open-source-collective        0.50 USD
    assets:opencollective:hledger              -0.50 USD

2021-11-01 Monthly contribution from Gyula Weber (Individuals)  ; id:f9013b28, group:ee490a5a, payment-method:STRIPE, payment-type:CREDITCARD
    revenues:donations:gyula_weber       -5.00 USD
    assets:opencollective:hledger         4.50 USD
    expenses:fees:STRIPE                  0.50 USD

2021-11-01 Host Fee to Open Source Collective  ; id:dfb1b80b, group:c4b7fd18
    expenses:fees:open-source-collective        0.20 USD
    assets:opencollective:hledger              -0.20 USD

2021-11-01 Monthly contribution from MSATC (Individuals)  ; id:e57ebe49, group:c4b7fd18, payment-method:STRIPE, payment-type:CREDITCARD
    revenues:donations:msatc            -2.00 USD
    assets:opencollective:hledger        1.62 USD
    expenses:fees:STRIPE                 0.38 USD

2021-11-01 Host Fee to Open Source Collective  ; id:64759eec, group:2e7e221a
    expenses:fees:open-source-collective        0.20 USD
    assets:opencollective:hledger              -0.20 USD

2021-11-01 Monthly contribution from Richard Kelly (Individuals)  ; id:0535e33c, group:2e7e221a, payment-method:STRIPE, payment-type:CREDITCARD
    revenues:donations:richard-kelly       -2.00 USD
    assets:opencollective:hledger           1.64 USD
    expenses:fees:STRIPE                    0.36 USD

2021-11-01 Host Fee to Open Source Collective  ; id:d57714ff, group:107fca7c
    expenses:fees:open-source-collective        0.20 USD
    assets:opencollective:hledger              -0.20 USD

2021-11-01 Monthly contribution from Jack Todaro (Individuals)  ; id:1634bb3a, group:107fca7c, payment-method:STRIPE, payment-type:CREDITCARD
    revenues:donations:jack-todaro       -2.00 USD
    assets:opencollective:hledger         1.62 USD
    expenses:fees:STRIPE                  0.38 USD

2021-11-01 Host Fee to Open Source Collective  ; id:72428266, group:722cc57b
    expenses:fees:open-source-collective        0.20 USD
    assets:opencollective:hledger              -0.20 USD

2021-11-01 Monthly contribution from Rishi Hyanki (Individuals)  ; id:ff0d739f, group:722cc57b, payment-method:STRIPE, payment-type:CREDITCARD
    revenues:donations:rhyanki          -2.00 USD
    assets:opencollective:hledger        1.64 USD
    expenses:fees:STRIPE                 0.36 USD

2021-11-01 Host Fee to Open Source Collective  ; id:6073cb85, group:370c4360
    expenses:fees:open-source-collective        1.00 USD
    assets:opencollective:hledger              -1.00 USD

2021-11-01 Monthly contribution from Tony Xiao (Individuals)  ; id:800bf5d6, group:370c4360, payment-method:STRIPE, payment-type:CREDITCARD
    revenues:donations:tony-xiao1      -10.00 USD
    assets:opencollective:hledger        9.41 USD
    expenses:fees:STRIPE                 0.59 USD

2021-11-01 Host Fee to Open Source Collective  ; id:8295964c, group:683933f5
    expenses:fees:open-source-collective        0.20 USD
    assets:opencollective:hledger              -0.20 USD

2021-11-01 Monthly contribution from Brandon Barker (Individuals)  ; id:b7251628, group:683933f5, payment-method:STRIPE, payment-type:CREDITCARD
    revenues:donations:brandonbarker       -2.00 USD
    assets:opencollective:hledger           1.64 USD
    expenses:fees:STRIPE                    0.36 USD

2021-11-01 Host Fee to Open Source Collective  ; id:da2af6cb, group:211fd188
    expenses:fees:open-source-collective       10.00 USD
    assets:opencollective:hledger             -10.00 USD

2021-11-01 Monthly contribution from FinMasters (Organisations)  ; id:38ad714a, group:211fd188, payment-method:STRIPE, payment-type:CREDITCARD
    revenues:donations:finmasters     -100.00 USD
    assets:opencollective:hledger       95.80 USD
    expenses:fees:STRIPE                 4.20 USD

2021-11-01 Host Fee to Open Source Collective  ; id:40320bf5, group:a084f13f
    expenses:fees:open-source-collective        0.20 USD
    assets:opencollective:hledger              -0.20 USD

2021-11-01 Monthly contribution from HLO_APC (Individuals)  ; id:d64c6d14, group:a084f13f, payment-method:STRIPE, payment-type:CREDITCARD
    revenues:donations:hlo_apc          -2.00 USD
    assets:opencollective:hledger        1.64 USD
    expenses:fees:STRIPE                 0.36 USD

2021-11-01 Host Fee to Open Source Collective  ; id:f7643e5f, group:7ea8053b
    expenses:fees:open-source-collective        0.20 USD
    assets:opencollective:hledger              -0.20 USD

2021-11-01 Monthly contribution from Paulo Makdisse (Individuals)  ; id:e77fd746, group:7ea8053b, payment-method:STRIPE, payment-type:CREDITCARD
    revenues:donations:paulo-makdisse       -2.00 USD
    assets:opencollective:hledger            1.62 USD
    expenses:fees:STRIPE                     0.38 USD

2021-11-01 Host Fee to Open Source Collective  ; id:e618121f, group:eb6375dc
    expenses:fees:open-source-collective        0.20 USD
    assets:opencollective:hledger              -0.20 USD

2021-11-01 Monthly contribution from James Blachly (Individuals)  ; id:610d5026, group:eb6375dc, payment-method:STRIPE, payment-type:CREDITCARD
    revenues:donations:james-blachly       -2.00 USD
    assets:opencollective:hledger           1.64 USD
    expenses:fees:STRIPE                    0.36 USD

2021-11-01 Host Fee to Open Source Collective  ; id:624e4687, group:ba6c3af0
    expenses:fees:open-source-collective       10.00 USD
    assets:opencollective:hledger             -10.00 USD

2021-11-01 Monthly contribution from Writers Per Hour (Organisations)  ; id:b83ed473, group:ba6c3af0, payment-method:STRIPE, payment-type:CREDITCARD
    revenues:donations:writersperhour     -100.00 USD
    assets:opencollective:hledger           95.80 USD
    expenses:fees:STRIPE                     4.20 USD

2021-11-02 Host Fee to Open Source Collective  ; id:461487b8, group:8eb8646d
    expenses:fees:open-source-collective        0.20 USD
    assets:opencollective:hledger              -0.20 USD

2021-11-02 Monthly contribution from Brandon J Wong (Individuals)  ; id:4d188d94, group:8eb8646d, payment-method:STRIPE, payment-type:CREDITCARD
    revenues:donations:brandon-j-wong       -2.00 USD
    assets:opencollective:hledger            1.62 USD
    expenses:fees:STRIPE                     0.38 USD

2021-11-05 Expense from arc - Regression Bounty  ; id:2b252d49, group:37a239ff, payment-method:, payment-type:
    expenses:bounties-etc:aarrcc         100.00 USD
    assets:opencollective:hledger       -102.00 USD
    expenses:fees:unknown-processor        2.00 USD

2021-11-07 Host Fee to Open Source Collective  ; id:3fba7047, group:bbbec56e
    expenses:fees:open-source-collective        0.20 USD
    assets:opencollective:hledger              -0.20 USD

2021-11-07 Monthly contribution from Real Targeted Traffic (Individuals)  ; id:5d5d8a03, group:bbbec56e, payment-method:PAYPAL, payment-type:SUBSCRIPTION
    revenues:donations:seo25-com        -2.00 USD
    assets:opencollective:hledger        1.41 USD
    expenses:fees:PAYPAL                 0.59 USD

2021-11-08 Host Fee to Open Source Collective  ; id:3591939b, group:c03f45b3
    expenses:fees:open-source-collective        0.20 USD
    assets:opencollective:hledger              -0.20 USD

2021-11-08 Monthly contribution from Targeted Organic Traffic (Individuals)  ; id:56a2f017, group:c03f45b3, payment-method:PAYPAL, payment-type:SUBSCRIPTION
    revenues:donations:targeted-organic-traffic       -2.00 USD
    assets:opencollective:hledger                      1.41 USD
    expenses:fees:PAYPAL                               0.59 USD

2021-11-15 Expense from Romain Gehrig - Regression Bounty  ; id:d565e515, group:5bb06854, payment-method:, payment-type:
    expenses:bounties-etc:romain-gehrig      100.00 USD
    assets:opencollective:hledger           -100.25 USD
    expenses:fees:unknown-processor            0.25 USD

2021-11-19 Host Fee to Open Source Collective  ; id:69f7f210, group:124dbc31
    expenses:fees:open-source-collective       10.00 USD
    assets:opencollective:hledger             -10.00 USD

2021-11-19 Monthly contribution from APM Help (Organisations)  ; id:c2a1086f, group:124dbc31, payment-method:PAYPAL, payment-type:SUBSCRIPTION
    revenues:donations:apmhelp        -100.00 USD
    assets:opencollective:hledger       96.02 USD
    expenses:fees:PAYPAL                 3.98 USD

2021-11-24 Host Fee to Open Source Collective  ; id:154c934a, group:c5647b65
    expenses:fees:open-source-collective       10.00 USD
    assets:opencollective:hledger             -10.00 USD

2021-11-24 Monthly contribution from Olsens Revision ApS (Individuals)  ; id:73e33fba, group:c5647b65, payment-method:PAYPAL, payment-type:SUBSCRIPTION
    revenues:donations:olsensrevision     -100.00 USD
    assets:opencollective:hledger           94.52 USD
    expenses:fees:PAYPAL                     5.48 USD

2021-11-28 Host Fee to Open Source Collective  ; id:33850779, group:4c6a0fbf
    expenses:fees:open-source-collective        0.20 USD
    assets:opencollective:hledger              -0.20 USD

2021-11-28 Monthly contribution from Ken Ewing (Individuals)  ; id:8443c68f, group:4c6a0fbf, payment-method:STRIPE, payment-type:CREDITCARD
    revenues:donations:ken-ewing        -2.00 USD
    assets:opencollective:hledger        1.64 USD
    expenses:fees:STRIPE                 0.36 USD

2021-11-30 Host Fee to Open Source Collective  ; id:446c3a23, group:4819f56a
    expenses:fees:open-source-collective        2.00 USD
    assets:opencollective:hledger              -2.00 USD

2021-11-30 Yearly contribution from Damien Cassou  ; id:2a2d7b8f, group:4819f56a, payment-method:PAYPAL, payment-type:SUBSCRIPTION
    revenues:donations:damien-cassou      -20.00 USD
    assets:opencollective:hledger          18.51 USD
    expenses:fees:PAYPAL                    1.49 USD

2021-12-01 Host Fee to Open Source Collective  ; id:4036a095, group:88c36e72
    expenses:fees:open-source-collective        0.50 USD
    assets:opencollective:hledger              -0.50 USD

2021-12-01 Monthly contribution from Gyula Weber (Individuals)  ; id:e285e564, group:88c36e72, payment-method:STRIPE, payment-type:CREDITCARD
    revenues:donations:gyula_weber       -5.00 USD
    assets:opencollective:hledger         4.50 USD
    expenses:fees:STRIPE                  0.50 USD

2021-12-01 Host Fee to Open Source Collective  ; id:51611ee8, group:c7657f0a
    expenses:fees:open-source-collective        0.20 USD
    assets:opencollective:hledger              -0.20 USD

2021-12-01 Monthly contribution from Brandon Barker (Individuals)  ; id:00285da2, group:c7657f0a, payment-method:STRIPE, payment-type:CREDITCARD
    revenues:donations:brandonbarker       -2.00 USD
    assets:opencollective:hledger           1.64 USD
    expenses:fees:STRIPE                    0.36 USD

2021-12-01 Host Fee to Open Source Collective  ; id:fccfab0f, group:9e457bde
    expenses:fees:open-source-collective        0.20 USD
    assets:opencollective:hledger              -0.20 USD

2021-12-01 Monthly contribution from Michael Martinides (Individuals)  ; id:ed72b4fe, group:9e457bde, payment-method:STRIPE, payment-type:CREDITCARD
    revenues:donations:michael-martinides       -2.00 USD
    assets:opencollective:hledger                1.62 USD
    expenses:fees:STRIPE                         0.38 USD

2021-12-01 Host Fee to Open Source Collective  ; id:34f65ae8, group:9830d46d
    expenses:fees:open-source-collective       10.00 USD
    assets:opencollective:hledger             -10.00 USD

2021-12-01 Monthly contribution from Writers Per Hour (Organisations)  ; id:1921c9a8, group:9830d46d, payment-method:STRIPE, payment-type:CREDITCARD
    revenues:donations:writersperhour     -100.00 USD
    assets:opencollective:hledger           95.80 USD
    expenses:fees:STRIPE                     4.20 USD

2021-12-01 Host Fee to Open Source Collective  ; id:9915b256, group:961d1918
    expenses:fees:open-source-collective        0.20 USD
    assets:opencollective:hledger              -0.20 USD

2021-12-01 Monthly contribution from Rishi Hyanki (Individuals)  ; id:fc79cf3d, group:961d1918, payment-method:STRIPE, payment-type:CREDITCARD
    revenues:donations:rhyanki          -2.00 USD
    assets:opencollective:hledger        1.64 USD
    expenses:fees:STRIPE                 0.36 USD

2021-12-01 Host Fee to Open Source Collective  ; id:4264741d, group:5d0bfee5
    expenses:fees:open-source-collective        1.00 USD
    assets:opencollective:hledger              -1.00 USD

2021-12-01 Monthly contribution from Tony Xiao (Individuals)  ; id:e9c7d8c7, group:5d0bfee5, payment-method:STRIPE, payment-type:CREDITCARD
    revenues:donations:tony-xiao1      -10.00 USD
    assets:opencollective:hledger        9.41 USD
    expenses:fees:STRIPE                 0.59 USD

2021-12-01 Host Fee to Open Source Collective  ; id:ebb1f31b, group:941b504b
    expenses:fees:open-source-collective        0.20 USD
    assets:opencollective:hledger              -0.20 USD

2021-12-01 Monthly contribution from Paulo Makdisse (Individuals)  ; id:eb77d236, group:941b504b, payment-method:STRIPE, payment-type:CREDITCARD
    revenues:donations:paulo-makdisse       -2.00 USD
    assets:opencollective:hledger            1.62 USD
    expenses:fees:STRIPE                     0.38 USD

2021-12-01 Host Fee to Open Source Collective  ; id:1c99a75b, group:ea181797
    expenses:fees:open-source-collective       10.00 USD
    assets:opencollective:hledger             -10.00 USD

2021-12-01 Monthly contribution from October Swimmer (Organisations)  ; id:a0c7a143, group:ea181797, payment-method:STRIPE, payment-type:CREDITCARD
    revenues:donations:october-swimmer     -100.00 USD
    assets:opencollective:hledger            96.80 USD
    expenses:fees:STRIPE                      3.20 USD

2021-12-01 Host Fee to Open Source Collective  ; id:953978da, group:bb0718a4
    expenses:fees:open-source-collective        0.20 USD
    assets:opencollective:hledger              -0.20 USD

2021-12-01 Monthly contribution from HLO_APC (Individuals)  ; id:8d0acc2b, group:bb0718a4, payment-method:STRIPE, payment-type:CREDITCARD
    revenues:donations:hlo_apc          -2.00 USD
    assets:opencollective:hledger        1.64 USD
    expenses:fees:STRIPE                 0.36 USD

2021-12-01 Host Fee to Open Source Collective  ; id:978be77b, group:5f5df9f0
    expenses:fees:open-source-collective        0.20 USD
    assets:opencollective:hledger              -0.20 USD

2021-12-01 Monthly contribution from James Blachly (Individuals)  ; id:cfebc403, group:5f5df9f0, payment-method:STRIPE, payment-type:CREDITCARD
    revenues:donations:james-blachly       -2.00 USD
    assets:opencollective:hledger           1.64 USD
    expenses:fees:STRIPE                    0.36 USD

2021-12-01 Host Fee to Open Source Collective  ; id:0b87d3d6, group:e614709b
    expenses:fees:open-source-collective        0.20 USD
    assets:opencollective:hledger              -0.20 USD

2021-12-01 Monthly contribution from Jack Todaro (Individuals)  ; id:92796166, group:e614709b, payment-method:STRIPE, payment-type:CREDITCARD
    revenues:donations:jack-todaro       -2.00 USD
    assets:opencollective:hledger         1.62 USD
    expenses:fees:STRIPE                  0.38 USD

2021-12-01 Host Fee to Open Source Collective  ; id:79a0410c, group:1018639d
    expenses:fees:open-source-collective        0.20 USD
    assets:opencollective:hledger              -0.20 USD

2021-12-01 Monthly contribution from MSATC (Individuals)  ; id:9624f650, group:1018639d, payment-method:STRIPE, payment-type:CREDITCARD
    revenues:donations:msatc            -2.00 USD
    assets:opencollective:hledger        1.62 USD
    expenses:fees:STRIPE                 0.38 USD

2021-12-01 Host Fee to Open Source Collective  ; id:c590a842, group:a20e24ee
    expenses:fees:open-source-collective        0.20 USD
    assets:opencollective:hledger              -0.20 USD

2021-12-01 Monthly contribution from Richard Kelly (Individuals)  ; id:ac76ed98, group:a20e24ee, payment-method:STRIPE, payment-type:CREDITCARD
    revenues:donations:richard-kelly       -2.00 USD
    assets:opencollective:hledger           1.64 USD
    expenses:fees:STRIPE                    0.36 USD

2021-12-02 Host Fee to Open Source Collective  ; id:0fbe4d83, group:1b2dacd3
    expenses:fees:open-source-collective        0.20 USD
    assets:opencollective:hledger              -0.20 USD

2021-12-02 Monthly contribution from Brandon J Wong (Individuals)  ; id:bf6079fe, group:1b2dacd3, payment-method:STRIPE, payment-type:CREDITCARD
    revenues:donations:brandon-j-wong       -2.00 USD
    assets:opencollective:hledger            1.62 USD
    expenses:fees:STRIPE                     0.38 USD

2021-12-07 Host Fee to Open Source Collective  ; id:da89e74a, group:9c48d4c1
    expenses:fees:open-source-collective        0.20 USD
    assets:opencollective:hledger              -0.20 USD

2021-12-07 Monthly contribution from Real Targeted Traffic (Individuals)  ; id:0150e7b3, group:9c48d4c1, payment-method:PAYPAL, payment-type:SUBSCRIPTION
    revenues:donations:seo25-com        -2.00 USD
    assets:opencollective:hledger        1.41 USD
    expenses:fees:PAYPAL                 0.59 USD

2021-12-08 Host Fee to Open Source Collective  ; id:fd915066, group:93c9edfd
    expenses:fees:open-source-collective        0.20 USD
    assets:opencollective:hledger              -0.20 USD

2021-12-08 Monthly contribution from Targeted Organic Traffic (Individuals)  ; id:9a12bc34, group:93c9edfd, payment-method:PAYPAL, payment-type:SUBSCRIPTION
    revenues:donations:targeted-organic-traffic       -2.00 USD
    assets:opencollective:hledger                      1.41 USD
    expenses:fees:PAYPAL                               0.59 USD

2021-12-19 Host Fee to Open Source Collective  ; id:f094c89e, group:6aaed51f
    expenses:fees:open-source-collective       10.00 USD
    assets:opencollective:hledger             -10.00 USD

2021-12-19 Monthly contribution from APM Help (Organisations)  ; id:eb7240e0, group:6aaed51f, payment-method:PAYPAL, payment-type:SUBSCRIPTION
    revenues:donations:apmhelp        -100.00 USD
    assets:opencollective:hledger       96.02 USD
    expenses:fees:PAYPAL                 3.98 USD

2021-12-24 Host Fee to Open Source Collective  ; id:c4f74c86, group:bbe38e50
    expenses:fees:open-source-collective       10.00 USD
    assets:opencollective:hledger             -10.00 USD

2021-12-24 Monthly contribution from Olsens Revision ApS (Individuals)  ; id:edbf1a89, group:bbe38e50, payment-method:PAYPAL, payment-type:SUBSCRIPTION
    revenues:donations:olsensrevision     -100.00 USD
    assets:opencollective:hledger           94.52 USD
    expenses:fees:PAYPAL                     5.48 USD

2021-12-31 Host Fee to Open Source Collective  ; id:8c9be809, group:386be46e
    expenses:fees:open-source-collective        0.20 USD
    assets:opencollective:hledger              -0.20 USD

2021-12-31 Monthly contribution from Richard Kelly (Individuals)  ; id:066d057f, group:386be46e, payment-method:PAYPAL, payment-type:SUBSCRIPTION
    revenues:donations:richard-kelly       -2.00 USD
    assets:opencollective:hledger           1.44 USD
    expenses:fees:PAYPAL                    0.56 USD

2022-01-05 Host Fee to Open Source Collective  ; id:6baddbe7, group:80e3bf8f
    expenses:fees:open-source-collective       10.00 USD
    assets:opencollective:hledger             -10.00 USD

2022-01-05 Monthly contribution from October Swimmer (Organisations)  ; id:94d83c9a, group:80e3bf8f, payment-method:STRIPE, payment-type:CREDITCARD
    revenues:donations:october-swimmer     -100.00 USD
    assets:opencollective:hledger            96.80 USD
    expenses:fees:STRIPE                      3.20 USD

2022-01-05 Host Fee to Open Source Collective  ; id:fd689dd5, group:33b7caca
    expenses:fees:open-source-collective        0.20 USD
    assets:opencollective:hledger              -0.20 USD

2022-01-05 Monthly contribution from Michael Martinides (Individuals)  ; id:aabdc0e9, group:33b7caca, payment-method:STRIPE, payment-type:CREDITCARD
    revenues:donations:michael-martinides       -2.00 USD
    assets:opencollective:hledger                1.62 USD
    expenses:fees:STRIPE                         0.38 USD

2022-01-05 Host Fee to Open Source Collective  ; id:f0c9d125, group:6e143975
    expenses:fees:open-source-collective        0.50 USD
    assets:opencollective:hledger              -0.50 USD

2022-01-05 Monthly contribution from Gyula Weber (Individuals)  ; id:d9d0a70d, group:6e143975, payment-method:STRIPE, payment-type:CREDITCARD
    revenues:donations:gyula_weber       -5.00 USD
    assets:opencollective:hledger         4.50 USD
    expenses:fees:STRIPE                  0.50 USD

2022-01-05 Host Fee to Open Source Collective  ; id:d30d7135, group:8e461007
    expenses:fees:open-source-collective        5.00 USD
    assets:opencollective:hledger              -5.00 USD

2022-01-05 Yearly contribution from incognito  ; id:f21202d9, group:8e461007, payment-method:STRIPE, payment-type:CREDITCARD
    revenues:donations:incognito-6a1e7e79      -50.00 USD
    assets:opencollective:hledger               47.75 USD
    expenses:fees:STRIPE                         2.25 USD

2022-01-05 Host Fee to Open Source Collective  ; id:7965c74d, group:89cdca25
    expenses:fees:open-source-collective        0.20 USD
    assets:opencollective:hledger              -0.20 USD

2022-01-05 Monthly contribution from MSATC (Individuals)  ; id:290be4a0, group:89cdca25, payment-method:STRIPE, payment-type:CREDITCARD
    revenues:donations:msatc            -2.00 USD
    assets:opencollective:hledger        1.62 USD
    expenses:fees:STRIPE                 0.38 USD

2022-01-05 Host Fee to Open Source Collective  ; id:1f663dec, group:2ac1aa58
    expenses:fees:open-source-collective        0.20 USD
    assets:opencollective:hledger              -0.20 USD

2022-01-05 Monthly contribution from Jack Todaro (Individuals)  ; id:c2f148fd, group:2ac1aa58, payment-method:STRIPE, payment-type:CREDITCARD
    revenues:donations:jack-todaro       -2.00 USD
    assets:opencollective:hledger         1.62 USD
    expenses:fees:STRIPE                  0.38 USD

2022-01-05 Host Fee to Open Source Collective  ; id:ac007514, group:6bdbb96e
    expenses:fees:open-source-collective        0.20 USD
    assets:opencollective:hledger              -0.20 USD

2022-01-05 Monthly contribution from Rishi Hyanki (Individuals)  ; id:a0433e9f, group:6bdbb96e, payment-method:STRIPE, payment-type:CREDITCARD
    revenues:donations:rhyanki          -2.00 USD
    assets:opencollective:hledger        1.64 USD
    expenses:fees:STRIPE                 0.36 USD

2022-01-05 Host Fee to Open Source Collective  ; id:ba4fbfad, group:e6e56635
    expenses:fees:open-source-collective        1.00 USD
    assets:opencollective:hledger              -1.00 USD

2022-01-05 Monthly contribution from Tony Xiao (Individuals)  ; id:c20e43e6, group:e6e56635, payment-method:STRIPE, payment-type:CREDITCARD
    revenues:donations:tony-xiao1      -10.00 USD
    assets:opencollective:hledger        9.41 USD
    expenses:fees:STRIPE                 0.59 USD

2022-01-05 Host Fee to Open Source Collective  ; id:a8006818, group:107990aa
    expenses:fees:open-source-collective        0.20 USD
    assets:opencollective:hledger              -0.20 USD

2022-01-05 Monthly contribution from Brandon Barker (Individuals)  ; id:6e7762d4, group:107990aa, payment-method:STRIPE, payment-type:CREDITCARD
    revenues:donations:brandonbarker       -2.00 USD
    assets:opencollective:hledger           1.64 USD
    expenses:fees:STRIPE                    0.36 USD

2022-01-05 Host Fee to Open Source Collective  ; id:2c15fe6e, group:5795de60
    expenses:fees:open-source-collective        0.20 USD
    assets:opencollective:hledger              -0.20 USD

2022-01-05 Monthly contribution from Paulo Makdisse (Individuals)  ; id:fcc4dae2, group:5795de60, payment-method:STRIPE, payment-type:CREDITCARD
    revenues:donations:paulo-makdisse       -2.00 USD
    assets:opencollective:hledger            1.62 USD
    expenses:fees:STRIPE                     0.38 USD

2022-01-06 Host Fee to Open Source Collective  ; id:d871f57e, group:f0d8ac7e
    expenses:fees:open-source-collective        0.20 USD
    assets:opencollective:hledger              -0.20 USD

2022-01-06 Monthly contribution from James Blachly (Individuals)  ; id:c40c456b, group:f0d8ac7e, payment-method:STRIPE, payment-type:CREDITCARD
    revenues:donations:james-blachly       -2.00 USD
    assets:opencollective:hledger           1.64 USD
    expenses:fees:STRIPE                    0.36 USD

2022-01-06 Host Fee to Open Source Collective  ; id:190adf19, group:ae197fc3
    expenses:fees:open-source-collective       10.00 USD
    assets:opencollective:hledger             -10.00 USD

2022-01-06 Monthly contribution from Writers Per Hour (Organisations)  ; id:48105222, group:ae197fc3, payment-method:STRIPE, payment-type:CREDITCARD
    revenues:donations:writersperhour     -100.00 USD
    assets:opencollective:hledger           95.80 USD
    expenses:fees:STRIPE                     4.20 USD

2022-01-06 Host Fee to Open Source Collective  ; id:9fd64a50, group:f0386650
    expenses:fees:open-source-collective        0.20 USD
    assets:opencollective:hledger              -0.20 USD

2022-01-06 Monthly contribution from Ken Ewing (Individuals)  ; id:96d0e285, group:f0386650, payment-method:STRIPE, payment-type:CREDITCARD
    revenues:donations:ken-ewing        -2.00 USD
    assets:opencollective:hledger        1.64 USD
    expenses:fees:STRIPE                 0.36 USD

2022-01-06 Host Fee to Open Source Collective  ; id:6ddd0f56, group:1c033143
    expenses:fees:open-source-collective        0.20 USD
    assets:opencollective:hledger              -0.20 USD

2022-01-06 Monthly contribution from Brandon J Wong (Individuals)  ; id:5ab5cfea, group:1c033143, payment-method:STRIPE, payment-type:CREDITCARD
    revenues:donations:brandon-j-wong       -2.00 USD
    assets:opencollective:hledger            1.62 USD
    expenses:fees:STRIPE                     0.38 USD

2022-01-07 Host Fee to Open Source Collective  ; id:fb2147e9, group:0717b78b
    expenses:fees:open-source-collective        0.20 USD
    assets:opencollective:hledger              -0.20 USD

2022-01-07 Monthly contribution from Real Targeted Traffic (Individuals)  ; id:25c23122, group:0717b78b, payment-method:PAYPAL, payment-type:SUBSCRIPTION
    revenues:donations:seo25-com        -2.00 USD
    assets:opencollective:hledger        1.41 USD
    expenses:fees:PAYPAL                 0.59 USD

2022-01-08 Host Fee to Open Source Collective  ; id:94e4ffd9, group:3a73ed49
    expenses:fees:open-source-collective        0.20 USD
    assets:opencollective:hledger              -0.20 USD

2022-01-08 Monthly contribution from Targeted Organic Traffic (Individuals)  ; id:399da1bb, group:3a73ed49, payment-method:PAYPAL, payment-type:SUBSCRIPTION
    revenues:donations:targeted-organic-traffic       -2.00 USD
    assets:opencollective:hledger                      1.41 USD
    expenses:fees:PAYPAL                               0.59 USD

2022-01-19 Host Fee to Open Source Collective  ; id:0014f3d6, group:4e78dc3f
    expenses:fees:open-source-collective       10.00 USD
    assets:opencollective:hledger             -10.00 USD

2022-01-19 Monthly contribution from APM Help (Organisations)  ; id:b4b2afb6, group:4e78dc3f, payment-method:PAYPAL, payment-type:SUBSCRIPTION
    revenues:donations:apmhelp        -100.00 USD
    assets:opencollective:hledger       96.02 USD
    expenses:fees:PAYPAL                 3.98 USD

2022-01-24 Host Fee to Open Source Collective  ; id:2afb869d, group:036f6c6c
    expenses:fees:open-source-collective       10.00 USD
    assets:opencollective:hledger             -10.00 USD

2022-01-24 Monthly contribution from Olsens Revision ApS (Individuals)  ; id:1a297f6c, group:036f6c6c, payment-method:PAYPAL, payment-type:SUBSCRIPTION
    revenues:donations:olsensrevision     -100.00 USD
    assets:opencollective:hledger           94.52 USD
    expenses:fees:PAYPAL                     5.48 USD

2022-01-24 Expense from holmescharles - regression bounty  ; id:223c09cc, group:89393085, payment-method:, payment-type:
    expenses:bounties-etc:holmescharles      100.00 USD
    assets:opencollective:hledger           -100.25 USD
    expenses:fees:unknown-processor            0.25 USD

2022-01-31 Host Fee to Open Source Collective  ; id:459fff99, group:cd2f5c20
    expenses:fees:open-source-collective        0.20 USD
    assets:opencollective:hledger              -0.20 USD

2022-01-31 Monthly contribution from Richard Kelly (Individuals)  ; id:417b136e, group:cd2f5c20, payment-method:PAYPAL, payment-type:SUBSCRIPTION
    revenues:donations:richard-kelly       -2.00 USD
    assets:opencollective:hledger           1.44 USD
    expenses:fees:PAYPAL                    0.56 USD

2022-02-01 Host Fee to Open Source Collective  ; id:f51f5f9e, group:7116234b
    expenses:fees:open-source-collective       10.00 USD
    assets:opencollective:hledger             -10.00 USD

2022-02-01 Monthly contribution from October Swimmer (Organisations)  ; id:449bc9f5, group:7116234b, payment-method:STRIPE, payment-type:CREDITCARD
    revenues:donations:october-swimmer     -100.00 USD
    assets:opencollective:hledger            96.80 USD
    expenses:fees:STRIPE                      3.20 USD

2022-02-01 Host Fee to Open Source Collective  ; id:303cd340, group:5a781ed5
    expenses:fees:open-source-collective        0.20 USD
    assets:opencollective:hledger              -0.20 USD

2022-02-01 Monthly contribution from Michael Martinides (Individuals)  ; id:5f9d4131, group:5a781ed5, payment-method:STRIPE, payment-type:CREDITCARD
    revenues:donations:michael-martinides       -2.00 USD
    assets:opencollective:hledger                1.62 USD
    expenses:fees:STRIPE                         0.38 USD

2022-02-01 Host Fee to Open Source Collective  ; id:dc4061df, group:0cf11a6a
    expenses:fees:open-source-collective        0.20 USD
    assets:opencollective:hledger              -0.20 USD

2022-02-01 Monthly contribution from MSATC (Individuals)  ; id:68ac9dd7, group:0cf11a6a, payment-method:STRIPE, payment-type:CREDITCARD
    revenues:donations:msatc            -2.00 USD
    assets:opencollective:hledger        1.62 USD
    expenses:fees:STRIPE                 0.38 USD

2022-02-01 Host Fee to Open Source Collective  ; id:f47ecf2e, group:5fdd2c91
    expenses:fees:open-source-collective        0.20 USD
    assets:opencollective:hledger              -0.20 USD

2022-02-01 Monthly contribution from Rishi Hyanki (Individuals)  ; id:4dfa4ad8, group:5fdd2c91, payment-method:STRIPE, payment-type:CREDITCARD
    revenues:donations:rhyanki          -2.00 USD
    assets:opencollective:hledger        1.64 USD
    expenses:fees:STRIPE                 0.36 USD

2022-02-01 Host Fee to Open Source Collective  ; id:0336247b, group:97c5c24d
    expenses:fees:open-source-collective        0.20 USD
    assets:opencollective:hledger              -0.20 USD

2022-02-01 Monthly contribution from Brandon Barker (Individuals)  ; id:7a06f324, group:97c5c24d, payment-method:STRIPE, payment-type:CREDITCARD
    revenues:donations:brandonbarker       -2.00 USD
    assets:opencollective:hledger           1.64 USD
    expenses:fees:STRIPE                    0.36 USD

2022-02-01 Host Fee to Open Source Collective  ; id:db224ce7, group:38520a3f
    expenses:fees:open-source-collective        1.00 USD
    assets:opencollective:hledger              -1.00 USD

2022-02-01 Monthly contribution from Tony Xiao (Individuals)  ; id:8bd4071f, group:38520a3f, payment-method:STRIPE, payment-type:CREDITCARD
    revenues:donations:tony-xiao1      -10.00 USD
    assets:opencollective:hledger        9.41 USD
    expenses:fees:STRIPE                 0.59 USD

2022-02-01 Host Fee to Open Source Collective  ; id:11c4ff1b, group:782467aa
    expenses:fees:open-source-collective        0.20 USD
    assets:opencollective:hledger              -0.20 USD

2022-02-01 Monthly contribution from Paulo Makdisse (Individuals)  ; id:9311efc9, group:782467aa, payment-method:STRIPE, payment-type:CREDITCARD
    revenues:donations:paulo-makdisse       -2.00 USD
    assets:opencollective:hledger            1.62 USD
    expenses:fees:STRIPE                     0.38 USD

2022-02-01 Host Fee to Open Source Collective  ; id:efd85bbd, group:3ce0d166
    expenses:fees:open-source-collective        0.20 USD
    assets:opencollective:hledger              -0.20 USD

2022-02-01 Monthly contribution from James Blachly (Individuals)  ; id:4e15cdfe, group:3ce0d166, payment-method:STRIPE, payment-type:CREDITCARD
    revenues:donations:james-blachly       -2.00 USD
    assets:opencollective:hledger           1.64 USD
    expenses:fees:STRIPE                    0.36 USD

2022-02-01 Host Fee to Open Source Collective  ; id:353cb016, group:4fe13072
    expenses:fees:open-source-collective       10.00 USD
    assets:opencollective:hledger             -10.00 USD

2022-02-01 Monthly contribution from Writers Per Hour (Organisations)  ; id:9312db9e, group:4fe13072, payment-method:STRIPE, payment-type:CREDITCARD
    revenues:donations:writersperhour     -100.00 USD
    assets:opencollective:hledger           95.80 USD
    expenses:fees:STRIPE                     4.20 USD

2022-02-01 Host Fee to Open Source Collective  ; id:88eb7be5, group:b7e30ce8
    expenses:fees:open-source-collective        0.20 USD
    assets:opencollective:hledger              -0.20 USD

2022-02-01 Monthly contribution from Ken Ewing (Individuals)  ; id:b5f0ce39, group:b7e30ce8, payment-method:STRIPE, payment-type:CREDITCARD
    revenues:donations:ken-ewing        -2.00 USD
    assets:opencollective:hledger        1.64 USD
    expenses:fees:STRIPE                 0.36 USD

2022-02-02 Host Fee to Open Source Collective  ; id:8017e143, group:4bf0aa51
    expenses:fees:open-source-collective        0.20 USD
    assets:opencollective:hledger              -0.20 USD

2022-02-02 Monthly contribution from Jack Todaro (Individuals)  ; id:0ca3a6f4, group:4bf0aa51, payment-method:STRIPE, payment-type:CREDITCARD
    revenues:donations:jack-todaro       -2.00 USD
    assets:opencollective:hledger         1.62 USD
    expenses:fees:STRIPE                  0.38 USD

2022-02-02 Host Fee to Open Source Collective  ; id:a287de24, group:bd6f9d37
    expenses:fees:open-source-collective        0.20 USD
    assets:opencollective:hledger              -0.20 USD

2022-02-02 Monthly contribution from Brandon J Wong (Individuals)  ; id:6a5e236a, group:bd6f9d37, payment-method:STRIPE, payment-type:CREDITCARD
    revenues:donations:brandon-j-wong       -2.00 USD
    assets:opencollective:hledger            1.62 USD
    expenses:fees:STRIPE                     0.38 USD

2022-02-07 Host Fee to Open Source Collective  ; id:940234e6, group:5eb9dd86
    expenses:fees:open-source-collective        0.20 USD
    assets:opencollective:hledger              -0.20 USD

2022-02-07 Monthly contribution from Frank (Individuals)  ; id:46581770, group:5eb9dd86, payment-method:STRIPE, payment-type:CREDITCARD
    revenues:donations:guest-4c0726ae       -2.00 USD
    assets:opencollective:hledger            1.62 USD
    expenses:fees:STRIPE                     0.38 USD

2022-02-07 Host Fee to Open Source Collective  ; id:4f68c17a, group:6d8b11ee
    expenses:fees:open-source-collective        0.20 USD
    assets:opencollective:hledger              -0.20 USD

2022-02-07 Monthly contribution from Real Targeted Traffic (Individuals)  ; id:35cdd3b6, group:6d8b11ee, payment-method:PAYPAL, payment-type:SUBSCRIPTION
    revenues:donations:seo25-com        -2.00 USD
    assets:opencollective:hledger        1.41 USD
    expenses:fees:PAYPAL                 0.59 USD

2022-02-08 Host Fee to Open Source Collective  ; id:7593375e, group:6713ab89
    expenses:fees:open-source-collective        0.20 USD
    assets:opencollective:hledger              -0.20 USD

2022-02-08 Monthly contribution from Targeted Organic Traffic (Individuals)  ; id:3f74e367, group:6713ab89, payment-method:PAYPAL, payment-type:SUBSCRIPTION
    revenues:donations:targeted-organic-traffic       -2.00 USD
    assets:opencollective:hledger                      1.41 USD
    expenses:fees:PAYPAL                               0.59 USD

2022-02-19 Host Fee to Open Source Collective  ; id:c1ce0531, group:61085297
    expenses:fees:open-source-collective       10.00 USD
    assets:opencollective:hledger             -10.00 USD

2022-02-19 Monthly contribution from APM Help (Organisations)  ; id:fe0d6430, group:61085297, payment-method:PAYPAL, payment-type:SUBSCRIPTION
    revenues:donations:apmhelp        -100.00 USD
    assets:opencollective:hledger       96.02 USD
    expenses:fees:PAYPAL                 3.98 USD

2022-02-28 Host Fee to Open Source Collective  ; id:317a0539, group:13f6fb27
    expenses:fees:open-source-collective        0.20 USD
    assets:opencollective:hledger              -0.20 USD

2022-02-28 Monthly contribution from Richard Kelly (Individuals)  ; id:22c125ec, group:13f6fb27, payment-method:PAYPAL, payment-type:SUBSCRIPTION
    revenues:donations:richard-kelly       -2.00 USD
    assets:opencollective:hledger           1.44 USD
    expenses:fees:PAYPAL                    0.56 USD

2022-03-01 Host Fee to Open Source Collective  ; id:d218d48a, group:9403b023
    expenses:fees:open-source-collective       10.00 USD
    assets:opencollective:hledger             -10.00 USD

2022-03-01 Monthly contribution from October Swimmer (Organisations)  ; id:3ce8c347, group:9403b023, payment-method:STRIPE, payment-type:CREDITCARD
    revenues:donations:october-swimmer     -100.00 USD
    assets:opencollective:hledger            96.80 USD
    expenses:fees:STRIPE                      3.20 USD

2022-03-01 Host Fee to Open Source Collective  ; id:4f6ee380, group:5aa70bb0
    expenses:fees:open-source-collective        0.20 USD
    assets:opencollective:hledger              -0.20 USD

2022-03-01 Monthly contribution from Michael Martinides (Individuals)  ; id:cc307131, group:5aa70bb0, payment-method:STRIPE, payment-type:CREDITCARD
    revenues:donations:michael-martinides       -2.00 USD
    assets:opencollective:hledger                1.62 USD
    expenses:fees:STRIPE                         0.38 USD

2022-03-01 Host Fee to Open Source Collective  ; id:2f742a85, group:e3fc5cce
    expenses:fees:open-source-collective        0.20 USD
    assets:opencollective:hledger              -0.20 USD

2022-03-01 Monthly contribution from MSATC (Individuals)  ; id:9983760f, group:e3fc5cce, payment-method:STRIPE, payment-type:CREDITCARD
    revenues:donations:msatc            -2.00 USD
    assets:opencollective:hledger        1.62 USD
    expenses:fees:STRIPE                 0.38 USD

2022-03-01 Host Fee to Open Source Collective  ; id:58791992, group:1619d1cd
    expenses:fees:open-source-collective        0.20 USD
    assets:opencollective:hledger              -0.20 USD

2022-03-01 Monthly contribution from Frank (Individuals)  ; id:93a82ffa, group:1619d1cd, payment-method:STRIPE, payment-type:CREDITCARD
    revenues:donations:guest-4c0726ae       -2.00 USD
    assets:opencollective:hledger            1.62 USD
    expenses:fees:STRIPE                     0.38 USD

2022-03-01 Host Fee to Open Source Collective  ; id:9e0e11c0, group:101b6982
    expenses:fees:open-source-collective        0.20 USD
    assets:opencollective:hledger              -0.20 USD

2022-03-01 Monthly contribution from Rishi Hyanki (Individuals)  ; id:0f0b6c5f, group:101b6982, payment-method:STRIPE, payment-type:CREDITCARD
    revenues:donations:rhyanki          -2.00 USD
    assets:opencollective:hledger        1.64 USD
    expenses:fees:STRIPE                 0.36 USD

2022-03-01 Host Fee to Open Source Collective  ; id:e496c134, group:e78f8d98
    expenses:fees:open-source-collective        1.00 USD
    assets:opencollective:hledger              -1.00 USD

2022-03-01 Monthly contribution from Tony Xiao (Individuals)  ; id:255083f0, group:e78f8d98, payment-method:STRIPE, payment-type:CREDITCARD
    revenues:donations:tony-xiao1      -10.00 USD
    assets:opencollective:hledger        9.41 USD
    expenses:fees:STRIPE                 0.59 USD

2022-03-01 Host Fee to Open Source Collective  ; id:585a8c38, group:bfbad7e0
    expenses:fees:open-source-collective        0.20 USD
    assets:opencollective:hledger              -0.20 USD

2022-03-01 Monthly contribution from Brandon Barker (Individuals)  ; id:27c1dccb, group:bfbad7e0, payment-method:STRIPE, payment-type:CREDITCARD
    revenues:donations:brandonbarker       -2.00 USD
    assets:opencollective:hledger           1.64 USD
    expenses:fees:STRIPE                    0.36 USD

2022-03-01 Host Fee to Open Source Collective  ; id:4c8d39b1, group:91a8319b
    expenses:fees:open-source-collective       10.00 USD
    assets:opencollective:hledger             -10.00 USD

2022-03-01 Monthly contribution from Olsens Revision ApS (Individuals)  ; id:3ece3784, group:91a8319b, payment-method:PAYPAL, payment-type:SUBSCRIPTION
    revenues:donations:olsensrevision     -100.00 USD
    assets:opencollective:hledger           94.52 USD
    expenses:fees:PAYPAL                     5.48 USD

2022-03-01 Host Fee to Open Source Collective  ; id:82a40204, group:6d87a02b
    expenses:fees:open-source-collective        0.20 USD
    assets:opencollective:hledger              -0.20 USD

2022-03-01 Monthly contribution from James Blachly (Individuals)  ; id:222550b3, group:6d87a02b, payment-method:STRIPE, payment-type:CREDITCARD
    revenues:donations:james-blachly       -2.00 USD
    assets:opencollective:hledger           1.64 USD
    expenses:fees:STRIPE                    0.36 USD

2022-03-01 Host Fee to Open Source Collective  ; id:9a8e0241, group:5b7ee700
    expenses:fees:open-source-collective       10.00 USD
    assets:opencollective:hledger             -10.00 USD

2022-03-01 Monthly contribution from Writers Per Hour (Organisations)  ; id:410bbf0d, group:5b7ee700, payment-method:STRIPE, payment-type:CREDITCARD
    revenues:donations:writersperhour     -100.00 USD
    assets:opencollective:hledger           95.80 USD
    expenses:fees:STRIPE                     4.20 USD

2022-03-01 Host Fee to Open Source Collective  ; id:eb4e1d22, group:57dee045
    expenses:fees:open-source-collective        0.20 USD
    assets:opencollective:hledger              -0.20 USD

2022-03-01 Monthly contribution from Ken Ewing (Individuals)  ; id:36c6bfd7, group:57dee045, payment-method:STRIPE, payment-type:CREDITCARD
    revenues:donations:ken-ewing        -2.00 USD
    assets:opencollective:hledger        1.64 USD
    expenses:fees:STRIPE                 0.36 USD

2022-03-02 Host Fee to Open Source Collective  ; id:fa8d06e4, group:ffcb3b78
    expenses:fees:open-source-collective        0.20 USD
    assets:opencollective:hledger              -0.20 USD

2022-03-02 Monthly contribution from Jack Todaro (Individuals)  ; id:3d4f91f1, group:ffcb3b78, payment-method:STRIPE, payment-type:CREDITCARD
    revenues:donations:jack-todaro       -2.00 USD
    assets:opencollective:hledger         1.62 USD
    expenses:fees:STRIPE                  0.38 USD

2022-03-02 Host Fee to Open Source Collective  ; id:a718e1db, group:62c91ba5
    expenses:fees:open-source-collective        0.20 USD
    assets:opencollective:hledger              -0.20 USD

2022-03-02 Monthly contribution from Brandon J Wong (Individuals)  ; id:df171dff, group:62c91ba5, payment-method:STRIPE, payment-type:CREDITCARD
    revenues:donations:brandon-j-wong       -2.00 USD
    assets:opencollective:hledger            1.62 USD
    expenses:fees:STRIPE                     0.38 USD

2022-03-07 Host Fee to Open Source Collective  ; id:2d866954, group:7a9dae4b
    expenses:fees:open-source-collective        0.20 USD
    assets:opencollective:hledger              -0.20 USD

2022-03-07 Monthly contribution from Real Targeted Traffic (Individuals)  ; id:e45af40e, group:7a9dae4b, payment-method:PAYPAL, payment-type:SUBSCRIPTION
    revenues:donations:seo25-com        -2.00 USD
    assets:opencollective:hledger        1.41 USD
    expenses:fees:PAYPAL                 0.59 USD

2022-03-08 Host Fee to Open Source Collective  ; id:017fe2bc, group:7ba7550c
    expenses:fees:open-source-collective        0.20 USD
    assets:opencollective:hledger              -0.20 USD

2022-03-08 Monthly contribution from Targeted Organic Traffic (Individuals)  ; id:6962b9c5, group:7ba7550c, payment-method:PAYPAL, payment-type:SUBSCRIPTION
    revenues:donations:targeted-organic-traffic       -2.00 USD
    assets:opencollective:hledger                      1.41 USD
    expenses:fees:PAYPAL                               0.59 USD

2022-03-19 Host Fee to Open Source Collective  ; id:19bcfbef, group:d0480afc
    expenses:fees:open-source-collective       10.00 USD
    assets:opencollective:hledger             -10.00 USD

2022-03-19 Monthly contribution from APM Help (Organisations)  ; id:378b18d4, group:d0480afc, payment-method:PAYPAL, payment-type:SUBSCRIPTION
    revenues:donations:apmhelp        -100.00 USD
    assets:opencollective:hledger       96.02 USD
    expenses:fees:PAYPAL                 3.98 USD

2022-03-23 Host Fee to Open Source Collective  ; id:33c7c55c, group:4fb2f518
    expenses:fees:open-source-collective        0.20 USD
    assets:opencollective:hledger              -0.20 USD

2022-03-23 Monthly contribution from Guest (Individuals)  ; id:308969f8, group:4fb2f518, payment-method:PAYPAL, payment-type:SUBSCRIPTION
    revenues:donations:guest-d120c27f       -2.00 USD
    assets:opencollective:hledger            1.41 USD
    expenses:fees:PAYPAL                     0.59 USD

2022-03-24 Host Fee to Open Source Collective  ; id:64520d32, group:e1062d2b
    expenses:fees:open-source-collective       10.00 USD
    assets:opencollective:hledger             -10.00 USD

2022-03-24 Monthly contribution from Olsens Revision ApS (Individuals)  ; id:03721886, group:e1062d2b, payment-method:PAYPAL, payment-type:SUBSCRIPTION
    revenues:donations:olsensrevision     -100.00 USD
    assets:opencollective:hledger           94.52 USD
    expenses:fees:PAYPAL                     5.48 USD

2022-03-31 Host Fee to Open Source Collective  ; id:d8f9abee, group:8c1716b9
    expenses:fees:open-source-collective        0.20 USD
    assets:opencollective:hledger              -0.20 USD

2022-03-31 Monthly contribution from Richard Kelly (Individuals)  ; id:ed56e2ec, group:8c1716b9, payment-method:PAYPAL, payment-type:SUBSCRIPTION
    revenues:donations:richard-kelly       -2.00 USD
    assets:opencollective:hledger           1.44 USD
    expenses:fees:PAYPAL                    0.56 USD

2022-04-01 Host Fee to Open Source Collective  ; id:5876812a, group:dd1c9259
    expenses:fees:open-source-collective       10.00 USD
    assets:opencollective:hledger             -10.00 USD

2022-04-01 Monthly contribution from October Swimmer (Organisations)  ; id:9deea75e, group:dd1c9259, payment-method:STRIPE, payment-type:CREDITCARD
    revenues:donations:october-swimmer     -100.00 USD
    assets:opencollective:hledger            96.80 USD
    expenses:fees:STRIPE                      3.20 USD

2022-04-01 Host Fee to Open Source Collective  ; id:492c671e, group:b66667bd
    expenses:fees:open-source-collective        0.20 USD
    assets:opencollective:hledger              -0.20 USD

2022-04-01 Monthly contribution from Michael Martinides (Individuals)  ; id:35a2e7b8, group:b66667bd, payment-method:STRIPE, payment-type:CREDITCARD
    revenues:donations:michael-martinides       -2.00 USD
    assets:opencollective:hledger                1.62 USD
    expenses:fees:STRIPE                         0.38 USD

2022-04-01 Host Fee to Open Source Collective  ; id:c109e5d7, group:26dd6075
    expenses:fees:open-source-collective        0.20 USD
    assets:opencollective:hledger              -0.20 USD

2022-04-01 Monthly contribution from MSATC (Individuals)  ; id:ebba6572, group:26dd6075, payment-method:STRIPE, payment-type:CREDITCARD
    revenues:donations:msatc            -2.00 USD
    assets:opencollective:hledger        1.62 USD
    expenses:fees:STRIPE                 0.38 USD

2022-04-01 Host Fee to Open Source Collective  ; id:fe83a23d, group:e086dcb6
    expenses:fees:open-source-collective        0.20 USD
    assets:opencollective:hledger              -0.20 USD

2022-04-01 Monthly contribution from Frank (Individuals)  ; id:561a9927, group:e086dcb6, payment-method:STRIPE, payment-type:CREDITCARD
    revenues:donations:guest-4c0726ae       -2.00 USD
    assets:opencollective:hledger            1.62 USD
    expenses:fees:STRIPE                     0.38 USD

2022-04-01 Host Fee to Open Source Collective  ; id:10c36d8b, group:f30ec5ba
    expenses:fees:open-source-collective        0.20 USD
    assets:opencollective:hledger              -0.20 USD

2022-04-01 Monthly contribution from Rishi Hyanki (Individuals)  ; id:350376b5, group:f30ec5ba, payment-method:STRIPE, payment-type:CREDITCARD
    revenues:donations:rhyanki          -2.00 USD
    assets:opencollective:hledger        1.64 USD
    expenses:fees:STRIPE                 0.36 USD

2022-04-01 Host Fee to Open Source Collective  ; id:309de6aa, group:2e4e6f80
    expenses:fees:open-source-collective        1.00 USD
    assets:opencollective:hledger              -1.00 USD

2022-04-01 Monthly contribution from Tony Xiao (Individuals)  ; id:21a04b3d, group:2e4e6f80, payment-method:STRIPE, payment-type:CREDITCARD
    revenues:donations:tony-xiao1      -10.00 USD
    assets:opencollective:hledger        9.41 USD
    expenses:fees:STRIPE                 0.59 USD

2022-04-01 Host Fee to Open Source Collective  ; id:737f69fa, group:49c3660d
    expenses:fees:open-source-collective        0.20 USD
    assets:opencollective:hledger              -0.20 USD

2022-04-01 Monthly contribution from Brandon Barker (Individuals)  ; id:b019e8bd, group:49c3660d, payment-method:STRIPE, payment-type:CREDITCARD
    revenues:donations:brandonbarker       -2.00 USD
    assets:opencollective:hledger           1.64 USD
    expenses:fees:STRIPE                    0.36 USD

2022-04-01 Host Fee to Open Source Collective  ; id:d8fcaae2, group:bc3b4869
    expenses:fees:open-source-collective        0.20 USD
    assets:opencollective:hledger              -0.20 USD

2022-04-01 Monthly contribution from James Blachly (Individuals)  ; id:572b45a0, group:bc3b4869, payment-method:STRIPE, payment-type:CREDITCARD
    revenues:donations:james-blachly       -2.00 USD
    assets:opencollective:hledger           1.64 USD
    expenses:fees:STRIPE                    0.36 USD

2022-04-01 Host Fee to Open Source Collective  ; id:7b0d520c, group:dbcec381
    expenses:fees:open-source-collective       10.00 USD
    assets:opencollective:hledger             -10.00 USD

2022-04-01 Monthly contribution from Writers Per Hour (Organisations)  ; id:6e80d8a3, group:dbcec381, payment-method:STRIPE, payment-type:CREDITCARD
    revenues:donations:writersperhour     -100.00 USD
    assets:opencollective:hledger           95.80 USD
    expenses:fees:STRIPE                     4.20 USD

2022-04-01 Host Fee to Open Source Collective  ; id:e792b5ef, group:ec34a91f
    expenses:fees:open-source-collective        0.20 USD
    assets:opencollective:hledger              -0.20 USD

2022-04-01 Monthly contribution from Ken Ewing (Individuals)  ; id:1967e528, group:ec34a91f, payment-method:STRIPE, payment-type:CREDITCARD
    revenues:donations:ken-ewing        -2.00 USD
    assets:opencollective:hledger        1.64 USD
    expenses:fees:STRIPE                 0.36 USD

2022-04-02 Host Fee to Open Source Collective  ; id:93d34da7, group:e3f21dac
    expenses:fees:open-source-collective        0.20 USD
    assets:opencollective:hledger              -0.20 USD

2022-04-02 Monthly contribution from Jack Todaro (Individuals)  ; id:aaa98278, group:e3f21dac, payment-method:STRIPE, payment-type:CREDITCARD
    revenues:donations:jack-todaro       -2.00 USD
    assets:opencollective:hledger         1.62 USD
    expenses:fees:STRIPE                  0.38 USD

2022-04-02 Host Fee to Open Source Collective  ; id:9bb46d69, group:c734a672
    expenses:fees:open-source-collective        0.20 USD
    assets:opencollective:hledger              -0.20 USD

2022-04-02 Monthly contribution from Brandon J Wong (Individuals)  ; id:cad66e8a, group:c734a672, payment-method:STRIPE, payment-type:CREDITCARD
    revenues:donations:brandon-j-wong       -2.00 USD
    assets:opencollective:hledger            1.62 USD
    expenses:fees:STRIPE                     0.38 USD

2022-04-07 Host Fee to Open Source Collective  ; id:a7d3063f, group:b85958fd
    expenses:fees:open-source-collective        0.20 USD
    assets:opencollective:hledger              -0.20 USD

2022-04-07 Monthly contribution from Real Targeted Traffic (Individuals)  ; id:53f1612e, group:b85958fd, payment-method:PAYPAL, payment-type:SUBSCRIPTION
    revenues:donations:seo25-com        -2.00 USD
    assets:opencollective:hledger        1.41 USD
    expenses:fees:PAYPAL                 0.59 USD

2022-04-08 Host Fee to Open Source Collective  ; id:04e6992c, group:591fe54d
    expenses:fees:open-source-collective        0.20 USD
    assets:opencollective:hledger              -0.20 USD

2022-04-08 Monthly contribution from Targeted Organic Traffic (Individuals)  ; id:15ed735c, group:591fe54d, payment-method:PAYPAL, payment-type:SUBSCRIPTION
    revenues:donations:targeted-organic-traffic       -2.00 USD
    assets:opencollective:hledger                      1.41 USD
    expenses:fees:PAYPAL                               0.59 USD

2022-04-12 Contribution to Support Ukraine  ; id:281bfbee, group:6a28d226, payment-method:OPENCOLLECTIVE, payment-type:COLLECTIVE
    expenses:misc:support-ukraine      500.00 USD
    assets:opencollective:hledger     -500.00 USD
    expenses:fees:OPENCOLLECTIVE                0

2022-04-19 Host Fee to Open Source Collective  ; id:6824c094, group:73e61437
    expenses:fees:open-source-collective       10.00 USD
    assets:opencollective:hledger             -10.00 USD

2022-04-19 Monthly contribution from APM Help (Organisations)  ; id:38a48a99, group:73e61437, payment-method:PAYPAL, payment-type:SUBSCRIPTION
    revenues:donations:apmhelp        -100.00 USD
    assets:opencollective:hledger       96.02 USD
    expenses:fees:PAYPAL                 3.98 USD

2022-04-23 Host Fee to Open Source Collective  ; id:31f39c98, group:0ba668db
    expenses:fees:open-source-collective        0.20 USD
    assets:opencollective:hledger              -0.20 USD

2022-04-23 Monthly contribution from Guest (Individuals)  ; id:c99496ce, group:0ba668db, payment-method:PAYPAL, payment-type:SUBSCRIPTION
    revenues:donations:guest-d120c27f       -2.00 USD
    assets:opencollective:hledger            1.41 USD
    expenses:fees:PAYPAL                     0.59 USD

2022-04-24 Host Fee to Open Source Collective  ; id:d95351f5, group:75644a16
    expenses:fees:open-source-collective       10.00 USD
    assets:opencollective:hledger             -10.00 USD

2022-04-24 Monthly contribution from Olsens Revision ApS (Individuals)  ; id:56424866, group:75644a16, payment-method:PAYPAL, payment-type:SUBSCRIPTION
    revenues:donations:olsensrevision     -100.00 USD
    assets:opencollective:hledger           94.52 USD
    expenses:fees:PAYPAL                     5.48 USD

2022-04-30 Host Fee to Open Source Collective  ; id:15bde9c0, group:41f499ef
    expenses:fees:open-source-collective        0.20 USD
    assets:opencollective:hledger              -0.20 USD

2022-04-30 Monthly contribution from Richard Kelly (Individuals)  ; id:1ba4fad6, group:41f499ef, payment-method:PAYPAL, payment-type:SUBSCRIPTION
    revenues:donations:richard-kelly       -2.00 USD
    assets:opencollective:hledger           1.44 USD
    expenses:fees:PAYPAL                    0.56 USD

2022-05-01 Host Fee to Open Source Collective  ; id:9ba020a6, group:70cb6177
    expenses:fees:open-source-collective       10.00 USD
    assets:opencollective:hledger             -10.00 USD

2022-05-01 Monthly contribution from October Swimmer (Organisations)  ; id:34056334, group:70cb6177, payment-method:STRIPE, payment-type:CREDITCARD
    revenues:donations:october-swimmer     -100.00 USD
    assets:opencollective:hledger            96.80 USD
    expenses:fees:STRIPE                      3.20 USD

2022-05-01 Host Fee to Open Source Collective  ; id:86f07402, group:1601b2da
    expenses:fees:open-source-collective        0.20 USD
    assets:opencollective:hledger              -0.20 USD

2022-05-01 Monthly contribution from Michael Martinides (Individuals)  ; id:445c7bc4, group:1601b2da, payment-method:STRIPE, payment-type:CREDITCARD
    revenues:donations:michael-martinides       -2.00 USD
    assets:opencollective:hledger                1.62 USD
    expenses:fees:STRIPE                         0.38 USD

2022-05-01 Host Fee to Open Source Collective  ; id:d0e93287, group:d9f94547
    expenses:fees:open-source-collective        0.20 USD
    assets:opencollective:hledger              -0.20 USD

2022-05-01 Monthly contribution from MSATC (Individuals)  ; id:152917c9, group:d9f94547, payment-method:STRIPE, payment-type:CREDITCARD
    revenues:donations:msatc            -2.00 USD
    assets:opencollective:hledger        1.62 USD
    expenses:fees:STRIPE                 0.38 USD

2022-05-01 Host Fee to Open Source Collective  ; id:421ab617, group:0c8dc2fe
    expenses:fees:open-source-collective        0.20 USD
    assets:opencollective:hledger              -0.20 USD

2022-05-01 Monthly contribution from Frank (Individuals)  ; id:e98623a6, group:0c8dc2fe, payment-method:STRIPE, payment-type:CREDITCARD
    revenues:donations:guest-4c0726ae       -2.00 USD
    assets:opencollective:hledger            1.62 USD
    expenses:fees:STRIPE                     0.38 USD

2022-05-01 Host Fee to Open Source Collective  ; id:bcc59850, group:d42c9ec0
    expenses:fees:open-source-collective        0.20 USD
    assets:opencollective:hledger              -0.20 USD

2022-05-01 Monthly contribution from Rishi Hyanki (Individuals)  ; id:cddd178c, group:d42c9ec0, payment-method:STRIPE, payment-type:CREDITCARD
    revenues:donations:rhyanki          -2.00 USD
    assets:opencollective:hledger        1.64 USD
    expenses:fees:STRIPE                 0.36 USD

2022-05-01 Host Fee to Open Source Collective  ; id:60257768, group:ce11dec0
    expenses:fees:open-source-collective        1.00 USD
    assets:opencollective:hledger              -1.00 USD

2022-05-01 Monthly contribution from Tony Xiao (Individuals)  ; id:707c2afa, group:ce11dec0, payment-method:STRIPE, payment-type:CREDITCARD
    revenues:donations:tony-xiao1      -10.00 USD
    assets:opencollective:hledger        9.41 USD
    expenses:fees:STRIPE                 0.59 USD

2022-05-01 Host Fee to Open Source Collective  ; id:04765c43, group:7760aa73
    expenses:fees:open-source-collective        0.20 USD
    assets:opencollective:hledger              -0.20 USD

2022-05-01 Monthly contribution from Brandon Barker (Individuals)  ; id:d96c37a7, group:7760aa73, payment-method:STRIPE, payment-type:CREDITCARD
    revenues:donations:brandonbarker       -2.00 USD
    assets:opencollective:hledger           1.64 USD
    expenses:fees:STRIPE                    0.36 USD

2022-05-01 Host Fee to Open Source Collective  ; id:9b648ac6, group:5d5690df
    expenses:fees:open-source-collective       10.00 USD
    assets:opencollective:hledger             -10.00 USD

2022-05-01 Monthly contribution from Writers Per Hour (Organisations)  ; id:3931c46c, group:5d5690df, payment-method:STRIPE, payment-type:CREDITCARD
    revenues:donations:writersperhour     -100.00 USD
    assets:opencollective:hledger           95.80 USD
    expenses:fees:STRIPE                     4.20 USD

2022-05-01 Host Fee to Open Source Collective  ; id:303a8b1d, group:0363e54f
    expenses:fees:open-source-collective        0.20 USD
    assets:opencollective:hledger              -0.20 USD

2022-05-01 Monthly contribution from Ken Ewing (Individuals)  ; id:52739d8a, group:0363e54f, payment-method:STRIPE, payment-type:CREDITCARD
    revenues:donations:ken-ewing        -2.00 USD
    assets:opencollective:hledger        1.64 USD
    expenses:fees:STRIPE                 0.36 USD

2022-05-02 Host Fee to Open Source Collective  ; id:632d9781, group:9d8f47ce
    expenses:fees:open-source-collective        0.20 USD
    assets:opencollective:hledger              -0.20 USD

2022-05-02 Monthly contribution from Jack Todaro (Individuals)  ; id:46004872, group:9d8f47ce, payment-method:STRIPE, payment-type:CREDITCARD
    revenues:donations:jack-todaro       -2.00 USD
    assets:opencollective:hledger         1.62 USD
    expenses:fees:STRIPE                  0.38 USD

2022-05-02 Host Fee to Open Source Collective  ; id:0602f62d, group:67ffd365
    expenses:fees:open-source-collective        0.20 USD
    assets:opencollective:hledger              -0.20 USD

2022-05-02 Monthly contribution from Brandon J Wong (Individuals)  ; id:220b943f, group:67ffd365, payment-method:STRIPE, payment-type:CREDITCARD
    revenues:donations:brandon-j-wong       -2.00 USD
    assets:opencollective:hledger            1.62 USD
    expenses:fees:STRIPE                     0.38 USD

2022-05-05 Host Fee to Open Source Collective  ; id:5d66ce0a, group:a480abdb
    expenses:fees:open-source-collective        0.20 USD
    assets:opencollective:hledger              -0.20 USD

2022-05-05 Monthly contribution from James Blachly (Individuals)  ; id:7a734c67, group:a480abdb, payment-method:STRIPE, payment-type:CREDITCARD
    revenues:donations:james-blachly       -2.00 USD
    assets:opencollective:hledger           1.64 USD
    expenses:fees:STRIPE                    0.36 USD

2022-05-07 Host Fee to Open Source Collective  ; id:7867ff56, group:d4d15775
    expenses:fees:open-source-collective        0.20 USD
    assets:opencollective:hledger              -0.20 USD

2022-05-07 Monthly contribution from Real Targeted Traffic (Individuals)  ; id:32c4a1b8, group:d4d15775, payment-method:PAYPAL, payment-type:SUBSCRIPTION
    revenues:donations:seo25-com        -2.00 USD
    assets:opencollective:hledger        1.41 USD
    expenses:fees:PAYPAL                 0.59 USD

2022-05-08 Host Fee to Open Source Collective  ; id:90dc0090, group:6a774fc6
    expenses:fees:open-source-collective        0.20 USD
    assets:opencollective:hledger              -0.20 USD

2022-05-08 Monthly contribution from Targeted Organic Traffic (Individuals)  ; id:42f45b83, group:6a774fc6, payment-method:PAYPAL, payment-type:SUBSCRIPTION
    revenues:donations:targeted-organic-traffic       -2.00 USD
    assets:opencollective:hledger                      1.41 USD
    expenses:fees:PAYPAL                               0.59 USD

2022-05-10 Expense from Simon Michael - Financial Accounting textbook  ; id:f49cd55c, group:eb7a56bc, payment-method:, payment-type:
    expenses:bounties-etc:simon           78.12 USD
    assets:opencollective:hledger        -78.37 USD
    expenses:fees:unknown-processor        0.25 USD

2022-05-23 Host Fee to Open Source Collective  ; id:d6ed133f, group:b21ed653
    expenses:fees:open-source-collective        0.20 USD
    assets:opencollective:hledger              -0.20 USD

2022-05-23 Monthly contribution from Guest (Individuals)  ; id:169c305e, group:b21ed653, payment-method:PAYPAL, payment-type:SUBSCRIPTION
    revenues:donations:guest-d120c27f       -2.00 USD
    assets:opencollective:hledger            1.41 USD
    expenses:fees:PAYPAL                     0.59 USD

2022-05-24 Host Fee to Open Source Collective  ; id:25cc55aa, group:d0bf407e
    expenses:fees:open-source-collective       10.00 USD
    assets:opencollective:hledger             -10.00 USD

2022-05-24 Monthly contribution from Olsens Revision ApS (Individuals)  ; id:23f1d869, group:d0bf407e, payment-method:PAYPAL, payment-type:SUBSCRIPTION
    revenues:donations:olsensrevision     -100.00 USD
    assets:opencollective:hledger           94.52 USD
    expenses:fees:PAYPAL                     5.48 USD

2022-05-31 Host Fee to Open Source Collective  ; id:936960b0, group:ceee95f0
    expenses:fees:open-source-collective        0.20 USD
    assets:opencollective:hledger              -0.20 USD

2022-05-31 Monthly contribution from Richard Kelly (Individuals)  ; id:7ca2cc6f, group:ceee95f0, payment-method:PAYPAL, payment-type:SUBSCRIPTION
    revenues:donations:richard-kelly       -2.00 USD
    assets:opencollective:hledger           1.44 USD
    expenses:fees:PAYPAL                    0.56 USD

2022-06-01 Host Fee to Open Source Collective  ; id:35a13984, group:d49eb88a
    expenses:fees:open-source-collective       10.00 USD
    assets:opencollective:hledger             -10.00 USD

2022-06-01 Monthly contribution from October Swimmer (Organisations)  ; id:75aeaf84, group:d49eb88a, payment-method:STRIPE, payment-type:CREDITCARD
    revenues:donations:october-swimmer     -100.00 USD
    assets:opencollective:hledger            96.80 USD
    expenses:fees:STRIPE                      3.20 USD

2022-06-01 Host Fee to Open Source Collective  ; id:0867ac0b, group:8e2b0883
    expenses:fees:open-source-collective        0.20 USD
    assets:opencollective:hledger              -0.20 USD

2022-06-01 Monthly contribution from Michael Martinides (Individuals)  ; id:f53de162, group:8e2b0883, payment-method:STRIPE, payment-type:CREDITCARD
    revenues:donations:michael-martinides       -2.00 USD
    assets:opencollective:hledger                1.62 USD
    expenses:fees:STRIPE                         0.38 USD

2022-06-01 Host Fee to Open Source Collective  ; id:5ff5d519, group:c64e21cc
    expenses:fees:open-source-collective        0.20 USD
    assets:opencollective:hledger              -0.20 USD

2022-06-01 Monthly contribution from MSATC (Individuals)  ; id:d579f318, group:c64e21cc, payment-method:STRIPE, payment-type:CREDITCARD
    revenues:donations:msatc            -2.00 USD
    assets:opencollective:hledger        1.62 USD
    expenses:fees:STRIPE                 0.38 USD

2022-06-01 Host Fee to Open Source Collective  ; id:bc73f112, group:8bab4454
    expenses:fees:open-source-collective        0.20 USD
    assets:opencollective:hledger              -0.20 USD

2022-06-01 Monthly contribution from Frank (Individuals)  ; id:5846c9a5, group:8bab4454, payment-method:STRIPE, payment-type:CREDITCARD
    revenues:donations:guest-4c0726ae       -2.00 USD
    assets:opencollective:hledger            1.62 USD
    expenses:fees:STRIPE                     0.38 USD

2022-06-01 Host Fee to Open Source Collective  ; id:8d6bef35, group:754dacff
    expenses:fees:open-source-collective        0.20 USD
    assets:opencollective:hledger              -0.20 USD

2022-06-01 Monthly contribution from Rishi Hyanki (Individuals)  ; id:99740eff, group:754dacff, payment-method:STRIPE, payment-type:CREDITCARD
    revenues:donations:rhyanki          -2.00 USD
    assets:opencollective:hledger        1.64 USD
    expenses:fees:STRIPE                 0.36 USD

2022-06-01 Host Fee to Open Source Collective  ; id:dc7ff0aa, group:0b8461e6
    expenses:fees:open-source-collective        1.00 USD
    assets:opencollective:hledger              -1.00 USD

2022-06-01 Monthly contribution from Tony Xiao (Individuals)  ; id:80ae2f52, group:0b8461e6, payment-method:STRIPE, payment-type:CREDITCARD
    revenues:donations:tony-xiao1      -10.00 USD
    assets:opencollective:hledger        9.41 USD
    expenses:fees:STRIPE                 0.59 USD

2022-06-01 Host Fee to Open Source Collective  ; id:0ec36f5a, group:900fe1f2
    expenses:fees:open-source-collective        0.20 USD
    assets:opencollective:hledger              -0.20 USD

2022-06-01 Monthly contribution from Brandon Barker (Individuals)  ; id:d18f9683, group:900fe1f2, payment-method:STRIPE, payment-type:CREDITCARD
    revenues:donations:brandonbarker       -2.00 USD
    assets:opencollective:hledger           1.64 USD
    expenses:fees:STRIPE                    0.36 USD

2022-06-01 Host Fee to Open Source Collective  ; id:41470c52, group:7693709c
    expenses:fees:open-source-collective       10.00 USD
    assets:opencollective:hledger             -10.00 USD

2022-06-01 Monthly contribution from Writers Per Hour (Organisations)  ; id:790d533f, group:7693709c, payment-method:STRIPE, payment-type:CREDITCARD
    revenues:donations:writersperhour     -100.00 USD
    assets:opencollective:hledger           95.80 USD
    expenses:fees:STRIPE                     4.20 USD

2022-06-01 Host Fee to Open Source Collective  ; id:64f0a2bb, group:37c49e33
    expenses:fees:open-source-collective        0.20 USD
    assets:opencollective:hledger              -0.20 USD

2022-06-01 Monthly contribution from Ken Ewing (Individuals)  ; id:669e6262, group:37c49e33, payment-method:STRIPE, payment-type:CREDITCARD
    revenues:donations:ken-ewing        -2.00 USD
    assets:opencollective:hledger        1.64 USD
    expenses:fees:STRIPE                 0.36 USD

2022-06-02 Host Fee to Open Source Collective  ; id:b9d18470, group:a03285be
    expenses:fees:open-source-collective        0.20 USD
    assets:opencollective:hledger              -0.20 USD

2022-06-02 Monthly contribution from Jack Todaro (Individuals)  ; id:43532007, group:a03285be, payment-method:STRIPE, payment-type:CREDITCARD
    revenues:donations:jack-todaro       -2.00 USD
    assets:opencollective:hledger         1.62 USD
    expenses:fees:STRIPE                  0.38 USD

2022-06-02 Host Fee to Open Source Collective  ; id:a6ab5718, group:b2ad2289
    expenses:fees:open-source-collective        0.20 USD
    assets:opencollective:hledger              -0.20 USD

2022-06-02 Monthly contribution from James Blachly (Individuals)  ; id:a0fc2777, group:b2ad2289, payment-method:STRIPE, payment-type:CREDITCARD
    revenues:donations:james-blachly       -2.00 USD
    assets:opencollective:hledger           1.64 USD
    expenses:fees:STRIPE                    0.36 USD

2022-06-02 Host Fee to Open Source Collective  ; id:fdc1db30, group:3899155a
    expenses:fees:open-source-collective        0.20 USD
    assets:opencollective:hledger              -0.20 USD

2022-06-02 Monthly contribution from Brandon J Wong (Individuals)  ; id:ee9bf9ca, group:3899155a, payment-method:STRIPE, payment-type:CREDITCARD
    revenues:donations:brandon-j-wong       -2.00 USD
    assets:opencollective:hledger            1.62 USD
    expenses:fees:STRIPE                     0.38 USD

2022-06-07 Host Fee to Open Source Collective  ; id:d10bd7ea, group:fe859308
    expenses:fees:open-source-collective        0.20 USD
    assets:opencollective:hledger              -0.20 USD

2022-06-07 Monthly contribution from Real Targeted Traffic (Individuals)  ; id:32f61544, group:fe859308, payment-method:PAYPAL, payment-type:SUBSCRIPTION
    revenues:donations:seo25-com        -2.00 USD
    assets:opencollective:hledger        1.41 USD
    expenses:fees:PAYPAL                 0.59 USD

2022-06-08 Host Fee to Open Source Collective  ; id:db5a4eae, group:9bd2e7fc
    expenses:fees:open-source-collective        0.20 USD
    assets:opencollective:hledger              -0.20 USD

2022-06-08 Monthly contribution from Targeted Organic Traffic (Individuals)  ; id:e82a4082, group:9bd2e7fc, payment-method:PAYPAL, payment-type:SUBSCRIPTION
    revenues:donations:targeted-organic-traffic       -2.00 USD
    assets:opencollective:hledger                      1.41 USD
    expenses:fees:PAYPAL                               0.59 USD

2022-06-17 Host Fee to Open Source Collective  ; id:fc7c3144, group:320b8cbc
    expenses:fees:open-source-collective        0.50 USD
    assets:opencollective:hledger              -0.50 USD

2022-06-17 Contribution from Michael Manganiello  ; id:99b0f569, group:320b8cbc, payment-method:PAYPAL, payment-type:PAYMENT
    revenues:donations:guest-c173624c       -5.00 USD
    assets:opencollective:hledger            4.26 USD
    expenses:fees:PAYPAL                     0.74 USD

2022-06-23 Host Fee to Open Source Collective  ; id:e51dd4a4, group:2347d402
    expenses:fees:open-source-collective        0.20 USD
    assets:opencollective:hledger              -0.20 USD

2022-06-23 Monthly contribution from Guest (Individuals)  ; id:9c8abfd9, group:2347d402, payment-method:PAYPAL, payment-type:SUBSCRIPTION
    revenues:donations:guest-d120c27f       -2.00 USD
    assets:opencollective:hledger            1.41 USD
    expenses:fees:PAYPAL                     0.59 USD

2022-06-24 Host Fee to Open Source Collective  ; id:c4c19acf, group:8c08256f
    expenses:fees:open-source-collective       10.00 USD
    assets:opencollective:hledger             -10.00 USD

2022-06-24 Monthly contribution from Olsens Revision ApS (Individuals)  ; id:1f85b3be, group:8c08256f, payment-method:PAYPAL, payment-type:SUBSCRIPTION
    revenues:donations:olsensrevision     -100.00 USD
    assets:opencollective:hledger           94.52 USD
    expenses:fees:PAYPAL                     5.48 USD

2022-06-30 Host Fee to Open Source Collective  ; id:12c98b74, group:f8cb9470
    expenses:fees:open-source-collective        0.20 USD
    assets:opencollective:hledger              -0.20 USD

2022-06-30 Monthly contribution from Richard Kelly (Individuals)  ; id:5af6e110, group:f8cb9470, payment-method:PAYPAL, payment-type:SUBSCRIPTION
    revenues:donations:richard-kelly       -2.00 USD
    assets:opencollective:hledger           1.44 USD
    expenses:fees:PAYPAL                    0.56 USD

2022-07-01 Host Fee to Open Source Collective  ; id:4e5bf09f, group:3e4c5145
    expenses:fees:open-source-collective       10.00 USD
    assets:opencollective:hledger             -10.00 USD

2022-07-01 Monthly contribution from October Swimmer (Organisations)  ; id:4383a1b2, group:3e4c5145, payment-method:STRIPE, payment-type:CREDITCARD
    revenues:donations:october-swimmer     -100.00 USD
    assets:opencollective:hledger            96.80 USD
    expenses:fees:STRIPE                      3.20 USD

2022-07-01 Host Fee to Open Source Collective  ; id:ebd903d2, group:1fcd31f1
    expenses:fees:open-source-collective        0.20 USD
    assets:opencollective:hledger              -0.20 USD

2022-07-01 Monthly contribution from Michael Martinides (Individuals)  ; id:3ff2d8c6, group:1fcd31f1, payment-method:STRIPE, payment-type:CREDITCARD
    revenues:donations:michael-martinides       -2.00 USD
    assets:opencollective:hledger                1.62 USD
    expenses:fees:STRIPE                         0.38 USD

2022-07-01 Host Fee to Open Source Collective  ; id:49a92e42, group:82365c8f
    expenses:fees:open-source-collective        0.20 USD
    assets:opencollective:hledger              -0.20 USD

2022-07-01 Monthly contribution from MSATC (Individuals)  ; id:50463907, group:82365c8f, payment-method:STRIPE, payment-type:CREDITCARD
    revenues:donations:msatc            -2.00 USD
    assets:opencollective:hledger        1.62 USD
    expenses:fees:STRIPE                 0.38 USD

2022-07-01 Host Fee to Open Source Collective  ; id:970c013e, group:393a462e
    expenses:fees:open-source-collective        0.20 USD
    assets:opencollective:hledger              -0.20 USD

2022-07-01 Monthly contribution from Frank (Individuals)  ; id:bca88686, group:393a462e, payment-method:STRIPE, payment-type:CREDITCARD
    revenues:donations:guest-4c0726ae       -2.00 USD
    assets:opencollective:hledger            1.62 USD
    expenses:fees:STRIPE                     0.38 USD

2022-07-01 Host Fee to Open Source Collective  ; id:4ec7eaa7, group:bc4d28f0
    expenses:fees:open-source-collective        0.20 USD
    assets:opencollective:hledger              -0.20 USD

2022-07-01 Monthly contribution from Rishi Hyanki (Individuals)  ; id:17a65606, group:bc4d28f0, payment-method:STRIPE, payment-type:CREDITCARD
    revenues:donations:rhyanki          -2.00 USD
    assets:opencollective:hledger        1.64 USD
    expenses:fees:STRIPE                 0.36 USD

2022-07-01 Host Fee to Open Source Collective  ; id:aeb19966, group:480d1b2b
    expenses:fees:open-source-collective        1.00 USD
    assets:opencollective:hledger              -1.00 USD

2022-07-01 Monthly contribution from Tony Xiao (Individuals)  ; id:bf0e6845, group:480d1b2b, payment-method:STRIPE, payment-type:CREDITCARD
    revenues:donations:tony-xiao1      -10.00 USD
    assets:opencollective:hledger        9.41 USD
    expenses:fees:STRIPE                 0.59 USD

2022-07-01 Host Fee to Open Source Collective  ; id:1e87c90e, group:58622bb6
    expenses:fees:open-source-collective        0.20 USD
    assets:opencollective:hledger              -0.20 USD

2022-07-01 Monthly contribution from Brandon Barker (Individuals)  ; id:43251ab8, group:58622bb6, payment-method:STRIPE, payment-type:CREDITCARD
    revenues:donations:brandonbarker       -2.00 USD
    assets:opencollective:hledger           1.64 USD
    expenses:fees:STRIPE                    0.36 USD

2022-07-01 Host Fee to Open Source Collective  ; id:a28a01eb, group:e133cc23
    expenses:fees:open-source-collective       10.00 USD
    assets:opencollective:hledger             -10.00 USD

2022-07-01 Monthly contribution from Writers Per Hour (Organisations)  ; id:7fd8d1f1, group:e133cc23, payment-method:STRIPE, payment-type:CREDITCARD
    revenues:donations:writersperhour     -100.00 USD
    assets:opencollective:hledger           95.80 USD
    expenses:fees:STRIPE                     4.20 USD

2022-07-01 Host Fee to Open Source Collective  ; id:f4ab5b02, group:44d989ed
    expenses:fees:open-source-collective        0.20 USD
    assets:opencollective:hledger              -0.20 USD

2022-07-01 Monthly contribution from Ken Ewing (Individuals)  ; id:cb2048c0, group:44d989ed, payment-method:STRIPE, payment-type:CREDITCARD
    revenues:donations:ken-ewing        -2.00 USD
    assets:opencollective:hledger        1.64 USD
    expenses:fees:STRIPE                 0.36 USD

2022-07-02 Host Fee to Open Source Collective  ; id:2e6c416d, group:2aad764c
    expenses:fees:open-source-collective        0.20 USD
    assets:opencollective:hledger              -0.20 USD

2022-07-02 Monthly contribution from Jack Todaro (Individuals)  ; id:cbeca9cb, group:2aad764c, payment-method:STRIPE, payment-type:CREDITCARD
    revenues:donations:jack-todaro       -2.00 USD
    assets:opencollective:hledger         1.62 USD
    expenses:fees:STRIPE                  0.38 USD

2022-07-02 Host Fee to Open Source Collective  ; id:e01ed379, group:e8133e38
    expenses:fees:open-source-collective        0.20 USD
    assets:opencollective:hledger              -0.20 USD

2022-07-02 Monthly contribution from James Blachly (Individuals)  ; id:904ed133, group:e8133e38, payment-method:STRIPE, payment-type:CREDITCARD
    revenues:donations:james-blachly       -2.00 USD
    assets:opencollective:hledger           1.64 USD
    expenses:fees:STRIPE                    0.36 USD

2022-07-02 Host Fee to Open Source Collective  ; id:d971bd07, group:e1ef4746
    expenses:fees:open-source-collective        0.20 USD
    assets:opencollective:hledger              -0.20 USD

2022-07-02 Monthly contribution from Brandon J Wong (Individuals)  ; id:5ff452be, group:e1ef4746, payment-method:STRIPE, payment-type:CREDITCARD
    revenues:donations:brandon-j-wong       -2.00 USD
    assets:opencollective:hledger            1.62 USD
    expenses:fees:STRIPE                     0.38 USD

2022-07-07 Host Fee to Open Source Collective  ; id:63804006, group:ff675511
    expenses:fees:open-source-collective        0.20 USD
    assets:opencollective:hledger              -0.20 USD

2022-07-07 Monthly contribution from Real Targeted Traffic (Individuals)  ; id:d1672f70, group:ff675511, payment-method:PAYPAL, payment-type:SUBSCRIPTION
    revenues:donations:seo25-com        -2.00 USD
    assets:opencollective:hledger        1.41 USD
    expenses:fees:PAYPAL                 0.59 USD

2022-07-08 Host Fee to Open Source Collective  ; id:fa66e4d0, group:b2f80a2d
    expenses:fees:open-source-collective        0.20 USD
    assets:opencollective:hledger              -0.20 USD

2022-07-08 Monthly contribution from Targeted Organic Traffic (Individuals)  ; id:06bde8c2, group:b2f80a2d, payment-method:PAYPAL, payment-type:SUBSCRIPTION
    revenues:donations:targeted-organic-traffic       -2.00 USD
    assets:opencollective:hledger                      1.41 USD
    expenses:fees:PAYPAL                               0.59 USD

2022-07-22 Host Fee to Open Source Collective  ; id:dc0bcd82, group:6d75f4df
    expenses:fees:open-source-collective        5.00 USD
    assets:opencollective:hledger              -5.00 USD

2022-07-22 Contribution from pablo  ; id:ecbd3a28, group:6d75f4df, payment-method:PAYPAL, payment-type:PAYMENT
    revenues:donations:pablo6          -50.00 USD
    assets:opencollective:hledger       47.01 USD
    expenses:fees:PAYPAL                 2.99 USD

2022-07-23 Host Fee to Open Source Collective  ; id:29824c73, group:a8c877a4
    expenses:fees:open-source-collective        0.20 USD
    assets:opencollective:hledger              -0.20 USD

2022-07-23 Monthly contribution from Guest (Individuals)  ; id:3a8614dc, group:a8c877a4, payment-method:PAYPAL, payment-type:SUBSCRIPTION
    revenues:donations:guest-d120c27f       -2.00 USD
    assets:opencollective:hledger            1.41 USD
    expenses:fees:PAYPAL                     0.59 USD

2022-07-24 Host Fee to Open Source Collective  ; id:6d436d49, group:3cd89062
    expenses:fees:open-source-collective       10.00 USD
    assets:opencollective:hledger             -10.00 USD

2022-07-24 Monthly contribution from Olsens Revision ApS (Individuals)  ; id:fbd2e86c, group:3cd89062, payment-method:PAYPAL, payment-type:SUBSCRIPTION
    revenues:donations:olsensrevision     -100.00 USD
    assets:opencollective:hledger           94.52 USD
    expenses:fees:PAYPAL                     5.48 USD

2022-07-31 Host Fee to Open Source Collective  ; id:f3e2bd44, group:98b37ec5
    expenses:fees:open-source-collective        0.20 USD
    assets:opencollective:hledger              -0.20 USD

2022-07-31 Monthly contribution from Richard Kelly (Individuals)  ; id:50cccef6, group:98b37ec5, payment-method:PAYPAL, payment-type:SUBSCRIPTION
    revenues:donations:richard-kelly       -2.00 USD
    assets:opencollective:hledger           1.44 USD
    expenses:fees:PAYPAL                    0.56 USD

2022-08-01 Host Fee to Open Source Collective  ; id:d667cb1c, group:5eceeb69
    expenses:fees:open-source-collective       10.00 USD
    assets:opencollective:hledger             -10.00 USD

2022-08-01 Monthly contribution from October Swimmer (Organisations)  ; id:6084ba35, group:5eceeb69, payment-method:STRIPE, payment-type:CREDITCARD
    revenues:donations:october-swimmer     -100.00 USD
    assets:opencollective:hledger            96.80 USD
    expenses:fees:STRIPE                      3.20 USD

2022-08-01 Host Fee to Open Source Collective  ; id:eebeb04c, group:d9d8bad4
    expenses:fees:open-source-collective        0.20 USD
    assets:opencollective:hledger              -0.20 USD

2022-08-01 Monthly contribution from Michael Martinides (Individuals)  ; id:b56bd3a3, group:d9d8bad4, payment-method:STRIPE, payment-type:CREDITCARD
    revenues:donations:michael-martinides       -2.00 USD
    assets:opencollective:hledger                1.62 USD
    expenses:fees:STRIPE                         0.38 USD

2022-08-01 Host Fee to Open Source Collective  ; id:f3ff14b6, group:02fca645
    expenses:fees:open-source-collective        0.20 USD
    assets:opencollective:hledger              -0.20 USD

2022-08-01 Monthly contribution from MSATC (Individuals)  ; id:7e068bc7, group:02fca645, payment-method:STRIPE, payment-type:CREDITCARD
    revenues:donations:msatc            -2.00 USD
    assets:opencollective:hledger        1.62 USD
    expenses:fees:STRIPE                 0.38 USD

2022-08-01 Host Fee to Open Source Collective  ; id:e6fda85f, group:a686486d
    expenses:fees:open-source-collective        0.20 USD
    assets:opencollective:hledger              -0.20 USD

2022-08-01 Monthly contribution from Frank (Individuals)  ; id:281ac0a8, group:a686486d, payment-method:STRIPE, payment-type:CREDITCARD
    revenues:donations:guest-4c0726ae       -2.00 USD
    assets:opencollective:hledger            1.62 USD
    expenses:fees:STRIPE                     0.38 USD

2022-08-01 Host Fee to Open Source Collective  ; id:634ec6ab, group:93105d77
    expenses:fees:open-source-collective        0.20 USD
    assets:opencollective:hledger              -0.20 USD

2022-08-01 Monthly contribution from Rishi Hyanki (Individuals)  ; id:43c4e251, group:93105d77, payment-method:STRIPE, payment-type:CREDITCARD
    revenues:donations:rhyanki          -2.00 USD
    assets:opencollective:hledger        1.64 USD
    expenses:fees:STRIPE                 0.36 USD

2022-08-01 Host Fee to Open Source Collective  ; id:426354fc, group:aabf5c5f
    expenses:fees:open-source-collective        1.00 USD
    assets:opencollective:hledger              -1.00 USD

2022-08-01 Monthly contribution from Tony Xiao (Individuals)  ; id:3546a6ce, group:aabf5c5f, payment-method:STRIPE, payment-type:CREDITCARD
    revenues:donations:tony-xiao1      -10.00 USD
    assets:opencollective:hledger        9.41 USD
    expenses:fees:STRIPE                 0.59 USD

2022-08-01 Host Fee to Open Source Collective  ; id:80d26b88, group:9cbaa57c
    expenses:fees:open-source-collective        0.20 USD
    assets:opencollective:hledger              -0.20 USD

2022-08-01 Monthly contribution from Brandon Barker (Individuals)  ; id:ca17feec, group:9cbaa57c, payment-method:STRIPE, payment-type:CREDITCARD
    revenues:donations:brandonbarker       -2.00 USD
    assets:opencollective:hledger           1.64 USD
    expenses:fees:STRIPE                    0.36 USD

2022-08-01 Host Fee to Open Source Collective  ; id:72fb0c10, group:f17b4632
    expenses:fees:open-source-collective        0.20 USD
    assets:opencollective:hledger              -0.20 USD

2022-08-01 Monthly contribution from Ken Ewing (Individuals)  ; id:ecb0b6c6, group:f17b4632, payment-method:STRIPE, payment-type:CREDITCARD
    revenues:donations:ken-ewing        -2.00 USD
    assets:opencollective:hledger        1.64 USD
    expenses:fees:STRIPE                 0.36 USD

2022-08-02 Host Fee to Open Source Collective  ; id:7eb2ab73, group:464d5909
    expenses:fees:open-source-collective        0.20 USD
    assets:opencollective:hledger              -0.20 USD

2022-08-02 Monthly contribution from Jack Todaro (Individuals)  ; id:02c8ca65, group:464d5909, payment-method:STRIPE, payment-type:CREDITCARD
    revenues:donations:jack-todaro       -2.00 USD
    assets:opencollective:hledger         1.62 USD
    expenses:fees:STRIPE                  0.38 USD

2022-08-02 Host Fee to Open Source Collective  ; id:cebc489c, group:401fe01f
    expenses:fees:open-source-collective        0.20 USD
    assets:opencollective:hledger              -0.20 USD

2022-08-02 Monthly contribution from James Blachly (Individuals)  ; id:c582b6d0, group:401fe01f, payment-method:STRIPE, payment-type:CREDITCARD
    revenues:donations:james-blachly       -2.00 USD
    assets:opencollective:hledger           1.64 USD
    expenses:fees:STRIPE                    0.36 USD

2022-08-02 Host Fee to Open Source Collective  ; id:63977e52, group:febebc42
    expenses:fees:open-source-collective        0.20 USD
    assets:opencollective:hledger              -0.20 USD

2022-08-02 Monthly contribution from Brandon J Wong (Individuals)  ; id:378edcfc, group:febebc42, payment-method:STRIPE, payment-type:CREDITCARD
    revenues:donations:brandon-j-wong       -2.00 USD
    assets:opencollective:hledger            1.62 USD
    expenses:fees:STRIPE                     0.38 USD

2022-08-07 Host Fee to Open Source Collective  ; id:5e66dc0c, group:4bf13104
    expenses:fees:open-source-collective        0.20 USD
    assets:opencollective:hledger              -0.20 USD

2022-08-07 Monthly contribution from Real Targeted Traffic (Individuals)  ; id:c4aa56d4, group:4bf13104, payment-method:PAYPAL, payment-type:SUBSCRIPTION
    revenues:donations:seo25-com        -2.00 USD
    assets:opencollective:hledger        1.41 USD
    expenses:fees:PAYPAL                 0.59 USD

2022-08-08 Host Fee to Open Source Collective  ; id:9aa7bd79, group:70009743
    expenses:fees:open-source-collective        0.20 USD
    assets:opencollective:hledger              -0.20 USD

2022-08-08 Monthly contribution from Targeted Organic Traffic (Individuals)  ; id:ae41d803, group:70009743, payment-method:PAYPAL, payment-type:SUBSCRIPTION
    revenues:donations:targeted-organic-traffic       -2.00 USD
    assets:opencollective:hledger                      1.41 USD
    expenses:fees:PAYPAL                               0.59 USD

2022-08-23 Host Fee to Open Source Collective  ; id:671afc2d, group:d615568f
    expenses:fees:open-source-collective        0.20 USD
    assets:opencollective:hledger              -0.20 USD

2022-08-23 Monthly contribution from Guest (Individuals)  ; id:f35fda09, group:d615568f, payment-method:PAYPAL, payment-type:SUBSCRIPTION
    revenues:donations:guest-d120c27f       -2.00 USD
    assets:opencollective:hledger            1.41 USD
    expenses:fees:PAYPAL                     0.59 USD

2022-08-24 Host Fee to Open Source Collective  ; id:4daa92d4, group:d4b72292
    expenses:fees:open-source-collective       10.00 USD
    assets:opencollective:hledger             -10.00 USD

2022-08-24 Monthly contribution from Olsens Revision ApS (Individuals)  ; id:0d6adaf5, group:d4b72292, payment-method:PAYPAL, payment-type:SUBSCRIPTION
    revenues:donations:olsensrevision     -100.00 USD
    assets:opencollective:hledger           94.52 USD
    expenses:fees:PAYPAL                     5.48 USD

2022-08-31 Host Fee to Open Source Collective  ; id:c8f224c8, group:d3a3d588
    expenses:fees:open-source-collective        0.20 USD
    assets:opencollective:hledger              -0.20 USD

2022-08-31 Monthly contribution from Richard Kelly (Individuals)  ; id:98c2f017, group:d3a3d588, payment-method:PAYPAL, payment-type:SUBSCRIPTION
    revenues:donations:richard-kelly       -2.00 USD
    assets:opencollective:hledger           1.44 USD
    expenses:fees:PAYPAL                    0.56 USD

2022-09-01 Host Fee to Open Source Collective  ; id:ae4b8fc2, group:ec5f117b
    expenses:fees:open-source-collective       10.00 USD
    assets:opencollective:hledger             -10.00 USD

2022-09-01 Monthly contribution from October Swimmer (Organisations)  ; id:78cef376, group:ec5f117b, payment-method:STRIPE, payment-type:CREDITCARD
    revenues:donations:october-swimmer     -100.00 USD
    assets:opencollective:hledger            96.80 USD
    expenses:fees:STRIPE                      3.20 USD

2022-09-01 Host Fee to Open Source Collective  ; id:f41569f4, group:284405b6
    expenses:fees:open-source-collective        0.20 USD
    assets:opencollective:hledger              -0.20 USD

2022-09-01 Monthly contribution from Michael Martinides (Individuals)  ; id:7e71e171, group:284405b6, payment-method:STRIPE, payment-type:CREDITCARD
    revenues:donations:michael-martinides       -2.00 USD
    assets:opencollective:hledger                1.62 USD
    expenses:fees:STRIPE                         0.38 USD

2022-09-01 Host Fee to Open Source Collective  ; id:9a33aa44, group:a6849ea4
    expenses:fees:open-source-collective        0.20 USD
    assets:opencollective:hledger              -0.20 USD

2022-09-01 Monthly contribution from MSATC (Individuals)  ; id:5eb4b205, group:a6849ea4, payment-method:STRIPE, payment-type:CREDITCARD
    revenues:donations:msatc            -2.00 USD
    assets:opencollective:hledger        1.62 USD
    expenses:fees:STRIPE                 0.38 USD

2022-09-01 Host Fee to Open Source Collective  ; id:a61587e3, group:69be5671
    expenses:fees:open-source-collective        0.20 USD
    assets:opencollective:hledger              -0.20 USD

2022-09-01 Monthly contribution from Frank (Individuals)  ; id:2351cbd6, group:69be5671, payment-method:STRIPE, payment-type:CREDITCARD
    revenues:donations:guest-4c0726ae       -2.00 USD
    assets:opencollective:hledger            1.62 USD
    expenses:fees:STRIPE                     0.38 USD

2022-09-01 Host Fee to Open Source Collective  ; id:acbbfdb5, group:64ab9151
    expenses:fees:open-source-collective        0.20 USD
    assets:opencollective:hledger              -0.20 USD

2022-09-01 Monthly contribution from Rishi Hyanki (Individuals)  ; id:974c87ff, group:64ab9151, payment-method:STRIPE, payment-type:CREDITCARD
    revenues:donations:rhyanki          -2.00 USD
    assets:opencollective:hledger        1.64 USD
    expenses:fees:STRIPE                 0.36 USD

2022-09-01 Host Fee to Open Source Collective  ; id:0ecf5304, group:e315f881
    expenses:fees:open-source-collective        1.00 USD
    assets:opencollective:hledger              -1.00 USD

2022-09-01 Monthly contribution from Tony Xiao (Individuals)  ; id:422ae3b4, group:e315f881, payment-method:STRIPE, payment-type:CREDITCARD
    revenues:donations:tony-xiao1      -10.00 USD
    assets:opencollective:hledger        9.41 USD
    expenses:fees:STRIPE                 0.59 USD

2022-09-01 Host Fee to Open Source Collective  ; id:18a61896, group:cea4ac9f
    expenses:fees:open-source-collective        0.20 USD
    assets:opencollective:hledger              -0.20 USD

2022-09-01 Monthly contribution from Brandon Barker (Individuals)  ; id:2371b58d, group:cea4ac9f, payment-method:STRIPE, payment-type:CREDITCARD
    revenues:donations:brandonbarker       -2.00 USD
    assets:opencollective:hledger           1.64 USD
    expenses:fees:STRIPE                    0.36 USD

2022-09-02 Host Fee to Open Source Collective  ; id:a0aa0305, group:a93db4dd
    expenses:fees:open-source-collective        0.20 USD
    assets:opencollective:hledger              -0.20 USD

2022-09-02 Monthly contribution from Ken Ewing (Individuals)  ; id:28863b2d, group:a93db4dd, payment-method:STRIPE, payment-type:CREDITCARD
    revenues:donations:ken-ewing        -2.00 USD
    assets:opencollective:hledger        1.64 USD
    expenses:fees:STRIPE                 0.36 USD

2022-09-02 Host Fee to Open Source Collective  ; id:ad6ce945, group:62592eb3
    expenses:fees:open-source-collective        0.20 USD
    assets:opencollective:hledger              -0.20 USD

2022-09-02 Monthly contribution from Jack Todaro (Individuals)  ; id:bfff71df, group:62592eb3, payment-method:STRIPE, payment-type:CREDITCARD
    revenues:donations:jack-todaro       -2.00 USD
    assets:opencollective:hledger         1.62 USD
    expenses:fees:STRIPE                  0.38 USD

2022-09-02 Host Fee to Open Source Collective  ; id:09e3627f, group:74cceb4c
    expenses:fees:open-source-collective        0.20 USD
    assets:opencollective:hledger              -0.20 USD

2022-09-02 Monthly contribution from James Blachly (Individuals)  ; id:a4065ed8, group:74cceb4c, payment-method:STRIPE, payment-type:CREDITCARD
    revenues:donations:james-blachly       -2.00 USD
    assets:opencollective:hledger           1.64 USD
    expenses:fees:STRIPE                    0.36 USD

2022-09-02 Host Fee to Open Source Collective  ; id:2ed63d45, group:44cee436
    expenses:fees:open-source-collective        0.20 USD
    assets:opencollective:hledger              -0.20 USD

2022-09-02 Monthly contribution from Brandon J Wong (Individuals)  ; id:3822ef04, group:44cee436, payment-method:STRIPE, payment-type:CREDITCARD
    revenues:donations:brandon-j-wong       -2.00 USD
    assets:opencollective:hledger            1.62 USD
    expenses:fees:STRIPE                     0.38 USD

2022-09-07 Host Fee to Open Source Collective  ; id:db2a5ae6, group:aac672f8
    expenses:fees:open-source-collective        0.20 USD
    assets:opencollective:hledger              -0.20 USD

2022-09-07 Monthly contribution from Real Targeted Traffic (Individuals)  ; id:d8dea13f, group:aac672f8, payment-method:PAYPAL, payment-type:SUBSCRIPTION
    revenues:donations:seo25-com        -2.00 USD
    assets:opencollective:hledger        1.41 USD
    expenses:fees:PAYPAL                 0.59 USD

2022-09-08 Host Fee to Open Source Collective  ; id:73a610e7, group:37ad078c
    expenses:fees:open-source-collective        0.20 USD
    assets:opencollective:hledger              -0.20 USD

2022-09-08 Monthly contribution from Targeted Organic Traffic (Individuals)  ; id:ae882109, group:37ad078c, payment-method:PAYPAL, payment-type:SUBSCRIPTION
    revenues:donations:targeted-organic-traffic       -2.00 USD
    assets:opencollective:hledger                      1.41 USD
    expenses:fees:PAYPAL                               0.59 USD

2022-09-15 Expense from Eric Langlois - regression bounty  ; id:688cb3a1, group:52026fe7, payment-method:, payment-type:
    expenses:bounties-etc:eric-langlois      100.00 USD
    assets:opencollective:hledger           -100.94 USD
    expenses:fees:unknown-processor            0.94 USD

2022-09-15 Expense from Simon Michael - regression bounty  ; id:68976dd2, group:f17a7600, payment-method:, payment-type:
    expenses:bounties-etc:simon          100.00 USD
    assets:opencollective:hledger       -100.25 USD
    expenses:fees:unknown-processor        0.25 USD

2022-09-23 Host Fee to Open Source Collective  ; id:75d69fb6, group:27d035ac
    expenses:fees:open-source-collective        0.20 USD
    assets:opencollective:hledger              -0.20 USD

2022-09-23 Monthly contribution from Guest (Individuals)  ; id:06e54c2d, group:27d035ac, payment-method:PAYPAL, payment-type:SUBSCRIPTION
    revenues:donations:guest-d120c27f       -2.00 USD
    assets:opencollective:hledger            1.41 USD
    expenses:fees:PAYPAL                     0.59 USD

2022-09-24 Host Fee to Open Source Collective  ; id:f23acb81, group:a4515b03
    expenses:fees:open-source-collective        2.50 USD
    assets:opencollective:hledger              -2.50 USD

2022-09-24 Monthly contribution from Olsens Revision ApS (Individuals)  ; id:adfec335, group:a4515b03, payment-method:PAYPAL, payment-type:SUBSCRIPTION
    revenues:donations:olsensrevision      -25.00 USD
    assets:opencollective:hledger           23.26 USD
    expenses:fees:PAYPAL                     1.74 USD

2022-09-30 Host Fee to Open Source Collective  ; id:74dd72f9, group:9bd8e4e4
    expenses:fees:open-source-collective        0.20 USD
    assets:opencollective:hledger              -0.20 USD

2022-09-30 Monthly contribution from Richard Kelly (Individuals)  ; id:cd7144e1, group:9bd8e4e4, payment-method:PAYPAL, payment-type:SUBSCRIPTION
    revenues:donations:richard-kelly       -2.00 USD
    assets:opencollective:hledger           1.44 USD
    expenses:fees:PAYPAL                    0.56 USD

2022-10-01 Host Fee to Open Source Collective  ; id:01cddc5e, group:e1df2eb5
    expenses:fees:open-source-collective       10.00 USD
    assets:opencollective:hledger             -10.00 USD

2022-10-01 Monthly contribution from October Swimmer (Organisations)  ; id:b6d4d15e, group:e1df2eb5, payment-method:STRIPE, payment-type:CREDITCARD
    revenues:donations:october-swimmer     -100.00 USD
    assets:opencollective:hledger            96.80 USD
    expenses:fees:STRIPE                      3.20 USD

2022-10-01 Host Fee to Open Source Collective  ; id:8e544cef, group:5e3eedd0
    expenses:fees:open-source-collective        0.20 USD
    assets:opencollective:hledger              -0.20 USD

2022-10-01 Monthly contribution from Michael Martinides (Individuals)  ; id:932d16c3, group:5e3eedd0, payment-method:STRIPE, payment-type:CREDITCARD
    revenues:donations:michael-martinides       -2.00 USD
    assets:opencollective:hledger                1.62 USD
    expenses:fees:STRIPE                         0.38 USD

2022-10-01 Host Fee to Open Source Collective  ; id:e037c829, group:54344606
    expenses:fees:open-source-collective        0.20 USD
    assets:opencollective:hledger              -0.20 USD

2022-10-01 Monthly contribution from Frank (Individuals)  ; id:e1daeceb, group:54344606, payment-method:STRIPE, payment-type:CREDITCARD
    revenues:donations:guest-4c0726ae       -2.00 USD
    assets:opencollective:hledger            1.62 USD
    expenses:fees:STRIPE                     0.38 USD

2022-10-01 Host Fee to Open Source Collective  ; id:db58419c, group:ca6cbe54
    expenses:fees:open-source-collective        0.20 USD
    assets:opencollective:hledger              -0.20 USD

2022-10-01 Monthly contribution from Rishi Hyanki (Individuals)  ; id:e6141c69, group:ca6cbe54, payment-method:STRIPE, payment-type:CREDITCARD
    revenues:donations:rhyanki          -2.00 USD
    assets:opencollective:hledger        1.64 USD
    expenses:fees:STRIPE                 0.36 USD

2022-10-01 Host Fee to Open Source Collective  ; id:394dabb5, group:e18a0685
    expenses:fees:open-source-collective        1.00 USD
    assets:opencollective:hledger              -1.00 USD

2022-10-01 Monthly contribution from Tony Xiao (Individuals)  ; id:0c8b5572, group:e18a0685, payment-method:STRIPE, payment-type:CREDITCARD
    revenues:donations:tony-xiao1      -10.00 USD
    assets:opencollective:hledger        9.41 USD
    expenses:fees:STRIPE                 0.59 USD

2022-10-01 Host Fee to Open Source Collective  ; id:988bd985, group:34038627
    expenses:fees:open-source-collective        0.20 USD
    assets:opencollective:hledger              -0.20 USD

2022-10-01 Monthly contribution from Brandon Barker (Individuals)  ; id:64c81f7f, group:34038627, payment-method:STRIPE, payment-type:CREDITCARD
    revenues:donations:brandonbarker       -2.00 USD
    assets:opencollective:hledger           1.64 USD
    expenses:fees:STRIPE                    0.36 USD

2022-10-01 Host Fee to Open Source Collective  ; id:6d2e3310, group:fa4e08b3
    expenses:fees:open-source-collective        0.20 USD
    assets:opencollective:hledger              -0.20 USD

2022-10-01 Monthly contribution from Ken Ewing (Individuals)  ; id:b4148f16, group:fa4e08b3, payment-method:STRIPE, payment-type:CREDITCARD
    revenues:donations:ken-ewing        -2.00 USD
    assets:opencollective:hledger        1.64 USD
    expenses:fees:STRIPE                 0.36 USD

2022-10-01 Host Fee to Open Source Collective  ; id:8e8ac8c2, group:976d6c33
    expenses:fees:open-source-collective        0.20 USD
    assets:opencollective:hledger              -0.20 USD

2022-10-01 Monthly contribution from Jack Todaro (Individuals)  ; id:d487cd12, group:976d6c33, payment-method:STRIPE, payment-type:CREDITCARD
    revenues:donations:jack-todaro       -2.00 USD
    assets:opencollective:hledger         1.62 USD
    expenses:fees:STRIPE                  0.38 USD

2022-10-01 Host Fee to Open Source Collective  ; id:65e3105d, group:0b3ccffc
    expenses:fees:open-source-collective        0.20 USD
    assets:opencollective:hledger              -0.20 USD

2022-10-01 Monthly contribution from James Blachly (Individuals)  ; id:6cc44945, group:0b3ccffc, payment-method:STRIPE, payment-type:CREDITCARD
    revenues:donations:james-blachly       -2.00 USD
    assets:opencollective:hledger           1.64 USD
    expenses:fees:STRIPE                    0.36 USD

2022-10-02 Host Fee to Open Source Collective  ; id:24b3b186, group:48e60b27
    expenses:fees:open-source-collective        0.20 USD
    assets:opencollective:hledger              -0.20 USD

2022-10-02 Monthly contribution from Brandon J Wong (Individuals)  ; id:ad4385c5, group:48e60b27, payment-method:STRIPE, payment-type:CREDITCARD
    revenues:donations:brandon-j-wong       -2.00 USD
    assets:opencollective:hledger            1.62 USD
    expenses:fees:STRIPE                     0.38 USD

2022-10-07 Host Fee to Open Source Collective  ; id:91cef534, group:05cd2b78
    expenses:fees:open-source-collective        0.20 USD
    assets:opencollective:hledger              -0.20 USD

2022-10-07 Monthly contribution from Real Targeted Traffic (Individuals)  ; id:2929521d, group:05cd2b78, payment-method:PAYPAL, payment-type:SUBSCRIPTION
    revenues:donations:seo25-com        -2.00 USD
    assets:opencollective:hledger        1.41 USD
    expenses:fees:PAYPAL                 0.59 USD

2022-10-08 Host Fee to Open Source Collective  ; id:6563d257, group:ecd50665
    expenses:fees:open-source-collective        0.20 USD
    assets:opencollective:hledger              -0.20 USD

2022-10-08 Monthly contribution from Targeted Organic Traffic (Individuals)  ; id:5c68283e, group:ecd50665, payment-method:PAYPAL, payment-type:SUBSCRIPTION
    revenues:donations:targeted-organic-traffic       -2.00 USD
    assets:opencollective:hledger                      1.41 USD
    expenses:fees:PAYPAL                               0.59 USD

2022-10-23 Host Fee to Open Source Collective  ; id:53bdcd77, group:5fb69e24
    expenses:fees:open-source-collective        0.20 USD
    assets:opencollective:hledger              -0.20 USD

2022-10-23 Monthly contribution from Guest (Individuals)  ; id:cfc237ce, group:5fb69e24, payment-method:PAYPAL, payment-type:SUBSCRIPTION
    revenues:donations:guest-d120c27f       -2.00 USD
    assets:opencollective:hledger            1.41 USD
    expenses:fees:PAYPAL                     0.59 USD

2022-10-24 Host Fee to Open Source Collective  ; id:9acb3c8f, group:489bb4af
    expenses:fees:open-source-collective        2.50 USD
    assets:opencollective:hledger              -2.50 USD

2022-10-24 Monthly contribution from Olsens Revision ApS (Individuals)  ; id:4e07557f, group:489bb4af, payment-method:PAYPAL, payment-type:SUBSCRIPTION
    revenues:donations:olsensrevision      -25.00 USD
    assets:opencollective:hledger           23.26 USD
    expenses:fees:PAYPAL                     1.74 USD

2022-10-31 Host Fee to Open Source Collective  ; id:f4e0805b, group:3ada7ca2
    expenses:fees:open-source-collective        0.20 USD
    assets:opencollective:hledger              -0.20 USD

2022-10-31 Monthly contribution from Richard Kelly (Individuals)  ; id:e86d868c, group:3ada7ca2, payment-method:PAYPAL, payment-type:SUBSCRIPTION
    revenues:donations:richard-kelly       -2.00 USD
    assets:opencollective:hledger           1.44 USD
    expenses:fees:PAYPAL                    0.56 USD

2022-11-01 Host Fee to Open Source Collective  ; id:f1d57194, group:aaccfc6f
    expenses:fees:open-source-collective       10.00 USD
    assets:opencollective:hledger             -10.00 USD

2022-11-01 Monthly contribution from October Swimmer (Organisations)  ; id:1adbf7fc, group:aaccfc6f, payment-method:STRIPE, payment-type:CREDITCARD
    revenues:donations:october-swimmer     -100.00 USD
    assets:opencollective:hledger            96.80 USD
    expenses:fees:STRIPE                      3.20 USD

2022-11-01 Host Fee to Open Source Collective  ; id:bbb4ff63, group:ad85a239
    expenses:fees:open-source-collective        0.20 USD
    assets:opencollective:hledger              -0.20 USD

2022-11-01 Monthly contribution from Michael Martinides (Individuals)  ; id:b387b429, group:ad85a239, payment-method:STRIPE, payment-type:CREDITCARD
    revenues:donations:michael-martinides       -2.00 USD
    assets:opencollective:hledger                1.62 USD
    expenses:fees:STRIPE                         0.38 USD

2022-11-01 Host Fee to Open Source Collective  ; id:9803272f, group:898202a9
    expenses:fees:open-source-collective        0.20 USD
    assets:opencollective:hledger              -0.20 USD

2022-11-01 Monthly contribution from Frank (Individuals)  ; id:23b6bc8a, group:898202a9, payment-method:STRIPE, payment-type:CREDITCARD
    revenues:donations:guest-4c0726ae       -2.00 USD
    assets:opencollective:hledger            1.62 USD
    expenses:fees:STRIPE                     0.38 USD

2022-11-01 Host Fee to Open Source Collective  ; id:b913e574, group:99edbdda
    expenses:fees:open-source-collective        0.20 USD
    assets:opencollective:hledger              -0.20 USD

2022-11-01 Monthly contribution from Rishi Hyanki (Individuals)  ; id:8fedef2d, group:99edbdda, payment-method:STRIPE, payment-type:CREDITCARD
    revenues:donations:rhyanki          -2.00 USD
    assets:opencollective:hledger        1.64 USD
    expenses:fees:STRIPE                 0.36 USD

2022-11-01 Host Fee to Open Source Collective  ; id:75ea378e, group:85da7810
    expenses:fees:open-source-collective        1.00 USD
    assets:opencollective:hledger              -1.00 USD

2022-11-01 Monthly contribution from Tony Xiao (Individuals)  ; id:273167f9, group:85da7810, payment-method:STRIPE, payment-type:CREDITCARD
    revenues:donations:tony-xiao1      -10.00 USD
    assets:opencollective:hledger        9.41 USD
    expenses:fees:STRIPE                 0.59 USD

2022-11-01 Host Fee to Open Source Collective  ; id:dd9486b1, group:5730faa3
    expenses:fees:open-source-collective        0.20 USD
    assets:opencollective:hledger              -0.20 USD

2022-11-01 Monthly contribution from Brandon Barker (Individuals)  ; id:e762d404, group:5730faa3, payment-method:STRIPE, payment-type:CREDITCARD
    revenues:donations:brandonbarker       -2.00 USD
    assets:opencollective:hledger           1.64 USD
    expenses:fees:STRIPE                    0.36 USD

2022-11-01 Host Fee to Open Source Collective  ; id:5a8e8bc2, group:f9d114a3
    expenses:fees:open-source-collective        0.20 USD
    assets:opencollective:hledger              -0.20 USD

2022-11-01 Monthly contribution from Ken Ewing (Individuals)  ; id:fba15e29, group:f9d114a3, payment-method:STRIPE, payment-type:CREDITCARD
    revenues:donations:ken-ewing        -2.00 USD
    assets:opencollective:hledger        1.64 USD
    expenses:fees:STRIPE                 0.36 USD

2022-11-01 Host Fee to Open Source Collective  ; id:01ce3c5b, group:353320b5
    expenses:fees:open-source-collective        0.20 USD
    assets:opencollective:hledger              -0.20 USD

2022-11-01 Monthly contribution from Jack Todaro (Individuals)  ; id:fe4e9604, group:353320b5, payment-method:STRIPE, payment-type:CREDITCARD
    revenues:donations:jack-todaro       -2.00 USD
    assets:opencollective:hledger         1.62 USD
    expenses:fees:STRIPE                  0.38 USD

2022-11-01 Host Fee to Open Source Collective  ; id:a53315db, group:00ea61dc
    expenses:fees:open-source-collective        0.20 USD
    assets:opencollective:hledger              -0.20 USD

2022-11-01 Monthly contribution from James Blachly (Individuals)  ; id:b38d9237, group:00ea61dc, payment-method:STRIPE, payment-type:CREDITCARD
    revenues:donations:james-blachly       -2.00 USD
    assets:opencollective:hledger           1.64 USD
    expenses:fees:STRIPE                    0.36 USD

2022-11-02 Host Fee to Open Source Collective  ; id:880be7e7, group:f7c17452
    expenses:fees:open-source-collective        0.20 USD
    assets:opencollective:hledger              -0.20 USD

2022-11-02 Monthly contribution from Brandon J Wong (Individuals)  ; id:c08c6293, group:f7c17452, payment-method:STRIPE, payment-type:CREDITCARD
    revenues:donations:brandon-j-wong       -2.00 USD
    assets:opencollective:hledger            1.62 USD
    expenses:fees:STRIPE                     0.38 USD

2022-11-07 Host Fee to Open Source Collective  ; id:69c41d7d, group:a2d84ae2
    expenses:fees:open-source-collective        0.20 USD
    assets:opencollective:hledger              -0.20 USD

2022-11-07 Monthly contribution from Real Targeted Traffic (Individuals)  ; id:bd4a1190, group:a2d84ae2, payment-method:PAYPAL, payment-type:SUBSCRIPTION
    revenues:donations:seo25-com        -2.00 USD
    assets:opencollective:hledger        1.41 USD
    expenses:fees:PAYPAL                 0.59 USD

2022-11-08 Host Fee to Open Source Collective  ; id:efec4666, group:9492436a
    expenses:fees:open-source-collective        0.20 USD
    assets:opencollective:hledger              -0.20 USD

2022-11-08 Monthly contribution from Targeted Organic Traffic (Individuals)  ; id:dc0bc920, group:9492436a, payment-method:PAYPAL, payment-type:SUBSCRIPTION
    revenues:donations:targeted-organic-traffic       -2.00 USD
    assets:opencollective:hledger                      1.41 USD
    expenses:fees:PAYPAL                               0.59 USD

2022-11-23 Host Fee to Open Source Collective  ; id:8c380281, group:435c45c8
    expenses:fees:open-source-collective        0.20 USD
    assets:opencollective:hledger              -0.20 USD

2022-11-23 Monthly contribution from Guest (Individuals)  ; id:7962c2de, group:435c45c8, payment-method:PAYPAL, payment-type:SUBSCRIPTION
    revenues:donations:guest-d120c27f       -2.00 USD
    assets:opencollective:hledger            1.41 USD
    expenses:fees:PAYPAL                     0.59 USD

2022-11-24 Host Fee to Open Source Collective  ; id:75691bdc, group:83ea1d79
    expenses:fees:open-source-collective        2.50 USD
    assets:opencollective:hledger              -2.50 USD

2022-11-24 Monthly contribution from Olsens Revision ApS (Individuals)  ; id:cfa6d66d, group:83ea1d79, payment-method:PAYPAL, payment-type:SUBSCRIPTION
    revenues:donations:olsensrevision      -25.00 USD
    assets:opencollective:hledger           23.26 USD
    expenses:fees:PAYPAL                     1.74 USD

2022-11-25 Host Fee to Open Source Collective  ; id:5dd98fcc, group:6d402817
    expenses:fees:open-source-collective        0.50 USD
    assets:opencollective:hledger              -0.50 USD

2022-11-25 Monthly contribution from Aviator Game (Individuals)  ; id:44e6b266, group:6d402817, payment-method:STRIPE, payment-type:CREDITCARD
    revenues:donations:aviator-game1       -5.00 USD
    assets:opencollective:hledger           4.50 USD
    expenses:fees:STRIPE                    0.50 USD

2022-11-26 Host Fee to Open Source Collective  ; id:0f8b0bc5, group:2c7dea09
    expenses:fees:open-source-collective        0.50 USD
    assets:opencollective:hledger              -0.50 USD

2022-11-26 Monthly contribution from Crash Game (Individuals)  ; id:74643aea, group:2c7dea09, payment-method:STRIPE, payment-type:CREDITCARD
    revenues:donations:crash-game       -5.00 USD
    assets:opencollective:hledger        4.50 USD
    expenses:fees:STRIPE                 0.50 USD

2022-11-30 Host Fee to Open Source Collective  ; id:afdb2718, group:146fa804
    expenses:fees:open-source-collective        0.20 USD
    assets:opencollective:hledger              -0.20 USD

2022-11-30 Monthly contribution from Richard Kelly (Individuals)  ; id:0edd766b, group:146fa804, payment-method:PAYPAL, payment-type:SUBSCRIPTION
    revenues:donations:richard-kelly       -2.00 USD
    assets:opencollective:hledger           1.44 USD
    expenses:fees:PAYPAL                    0.56 USD

2022-12-01 Host Fee to Open Source Collective  ; id:1aed0dc7, group:7875c75f
    expenses:fees:open-source-collective        0.20 USD
    assets:opencollective:hledger              -0.20 USD

2022-12-01 Monthly contribution from Michael Martinides (Individuals)  ; id:70022e4f, group:7875c75f, payment-method:STRIPE, payment-type:CREDITCARD
    revenues:donations:michael-martinides       -2.00 USD
    assets:opencollective:hledger                1.62 USD
    expenses:fees:STRIPE                         0.38 USD

2022-12-01 Host Fee to Open Source Collective  ; id:404cb657, group:d77a9c8e
    expenses:fees:open-source-collective        0.20 USD
    assets:opencollective:hledger              -0.20 USD

2022-12-01 Monthly contribution from Rishi Hyanki (Individuals)  ; id:600d79e7, group:d77a9c8e, payment-method:STRIPE, payment-type:CREDITCARD
    revenues:donations:rhyanki          -2.00 USD
    assets:opencollective:hledger        1.64 USD
    expenses:fees:STRIPE                 0.36 USD

2022-12-01 Host Fee to Open Source Collective  ; id:af58c29b, group:ff61f9e4
    expenses:fees:open-source-collective        0.20 USD
    assets:opencollective:hledger              -0.20 USD

2022-12-01 Monthly contribution from Brandon Barker (Individuals)  ; id:7d6ec401, group:ff61f9e4, payment-method:STRIPE, payment-type:CREDITCARD
    revenues:donations:brandonbarker       -2.00 USD
    assets:opencollective:hledger           1.64 USD
    expenses:fees:STRIPE                    0.36 USD

2022-12-01 Host Fee to Open Source Collective  ; id:345ee19b, group:a0ab33cc
    expenses:fees:open-source-collective       10.00 USD
    assets:opencollective:hledger             -10.00 USD

2022-12-01 Monthly contribution from October Swimmer (Organisations)  ; id:7210d18c, group:a0ab33cc, payment-method:STRIPE, payment-type:CREDITCARD
    revenues:donations:october-swimmer     -100.00 USD
    assets:opencollective:hledger            96.80 USD
    expenses:fees:STRIPE                      3.20 USD

2022-12-01 Host Fee to Open Source Collective  ; id:9debd51a, group:49b8a44a
    expenses:fees:open-source-collective        0.20 USD
    assets:opencollective:hledger              -0.20 USD

2022-12-01 Monthly contribution from Jack Todaro (Individuals)  ; id:7bd26248, group:49b8a44a, payment-method:STRIPE, payment-type:CREDITCARD
    revenues:donations:jack-todaro       -2.00 USD
    assets:opencollective:hledger         1.62 USD
    expenses:fees:STRIPE                  0.38 USD

2022-12-01 Host Fee to Open Source Collective  ; id:e31c7f7d, group:473da75d
    expenses:fees:open-source-collective        1.00 USD
    assets:opencollective:hledger              -1.00 USD

2022-12-01 Monthly contribution from Tony Xiao (Individuals)  ; id:c7e34d72, group:473da75d, payment-method:STRIPE, payment-type:CREDITCARD
    revenues:donations:tony-xiao1      -10.00 USD
    assets:opencollective:hledger        9.41 USD
    expenses:fees:STRIPE                 0.59 USD

2022-12-01 Host Fee to Open Source Collective  ; id:bf1b7b62, group:d181dc67
    expenses:fees:open-source-collective        0.20 USD
    assets:opencollective:hledger              -0.20 USD

2022-12-01 Monthly contribution from James Blachly (Individuals)  ; id:7f3d9bb9, group:d181dc67, payment-method:STRIPE, payment-type:CREDITCARD
    revenues:donations:james-blachly       -2.00 USD
    assets:opencollective:hledger           1.64 USD
    expenses:fees:STRIPE                    0.36 USD

2022-12-01 Host Fee to Open Source Collective  ; id:c47f3070, group:8d22b7e7
    expenses:fees:open-source-collective        0.20 USD
    assets:opencollective:hledger              -0.20 USD

2022-12-01 Monthly contribution from Brandon J Wong (Individuals)  ; id:f4245622, group:8d22b7e7, payment-method:STRIPE, payment-type:CREDITCARD
    revenues:donations:brandon-j-wong       -2.00 USD
    assets:opencollective:hledger            1.62 USD
    expenses:fees:STRIPE                     0.38 USD

2022-12-01 Host Fee to Open Source Collective  ; id:18b40a89, group:72d62459
    expenses:fees:open-source-collective        0.20 USD
    assets:opencollective:hledger              -0.20 USD

2022-12-01 Monthly contribution from Ken Ewing (Individuals)  ; id:9fd6643e, group:72d62459, payment-method:STRIPE, payment-type:CREDITCARD
    revenues:donations:ken-ewing        -2.00 USD
    assets:opencollective:hledger        1.64 USD
    expenses:fees:STRIPE                 0.36 USD

2022-12-01 Host Fee to Open Source Collective  ; id:10d2e0bc, group:83376438
    expenses:fees:open-source-collective        0.20 USD
    assets:opencollective:hledger              -0.20 USD

2022-12-01 Monthly contribution from Frank (Individuals)  ; id:52cc676b, group:83376438, payment-method:STRIPE, payment-type:CREDITCARD
    revenues:donations:guest-4c0726ae       -2.00 USD
    assets:opencollective:hledger            1.62 USD
    expenses:fees:STRIPE                     0.38 USD

2022-12-07 Host Fee to Open Source Collective  ; id:1d588f68, group:3b596441
    expenses:fees:open-source-collective        0.20 USD
    assets:opencollective:hledger              -0.20 USD

2022-12-07 Monthly contribution from Real Targeted Traffic (Individuals)  ; id:eba000ce, group:3b596441, payment-method:PAYPAL, payment-type:SUBSCRIPTION
    revenues:donations:seo25-com        -2.00 USD
    assets:opencollective:hledger        1.41 USD
    expenses:fees:PAYPAL                 0.59 USD

2022-12-08 Host Fee to Open Source Collective  ; id:d4f2aaf3, group:0f6ba1a9
    expenses:fees:open-source-collective        0.20 USD
    assets:opencollective:hledger              -0.20 USD

2022-12-08 Monthly contribution from Targeted Organic Traffic (Individuals)  ; id:0b0cf90f, group:0f6ba1a9, payment-method:PAYPAL, payment-type:SUBSCRIPTION
    revenues:donations:targeted-organic-traffic       -2.00 USD
    assets:opencollective:hledger                      1.41 USD
    expenses:fees:PAYPAL                               0.59 USD

